4140 5646
243 341 295 438 ,e
467 312 1580 437 rnnonmnumonumrsmnrum
1698 460 1707 474 .
1852 338 1857 351 ’

242 543 533 655 Babylonicum
560 542 870 626 incrementum
898 536 1064 624 emdito
1092 531 1304 653 Episcopo
1328 561 1493 623 mennn
1529 533 1812 625 Rabbinorum

239 659 489 771 figmentum
514 652 718 752 videtur,
755 710 783 752 „
812 650 1038 765 censetque
1058 649 1134 736 hac
1175 651 1218 736 in
1247 678 1294 736 re
1334 648 1509 762 Josephi
1537 650 1582 736 δι
1612 650 1814 741 Philonis

239 828 268 873 „
299 768 554 865 testimonia,
583 762 741 852 Siclum
762 765 1014 850 Hebraicure
1032 761 1268 849 constanter
1293 757 1634 849 Tetradrnchmo
1661 767 1812 855 Attice

238 942 269 986 „
296 882 631 979 aestimantium,
661 905 759 992 prae
790 877 961 963 Menae
986 875 1263 988 compilatore
1282 875 1408 961 fidem
1437 878 1623 977 mereri,
1652 880 1811 973 etiarnsi

238 1055 267 1098 „
295 1018 343 1083 ut
356 993 535 1081 Rabbini
545 993 714 1091 volunt,
728 988 851 1104 ipsius
862 988 1048 1074 Adriani
1068 987 1326 1101 temporibus
1344 987 1540 1099 scriptam
1559 984 1641 1076 effe
1660 993 1812 1105 largia-
1855 1002 1863 1009 '

238 1166 268 1209 „
296 1134 404 1197 mur.
463 1103 699 1191 Talmudem
718 1130 822 1189 vero
839 1102 911 1191 seu
930 1104 974 1189 in
994 1104 1178 1214 Mistram
1198 1103 1546 1201 commentarios,
1576 1101 1811 1218 nihilprae·

238 1279 266 1323 „
297 1241 361 1306 ter
381 1217 627 1307 traditiones
648 1240 746 1302 com
774 1210 892 1313 letti,
918 1215 1051 1325 longo
1071 1213 1243 1301 demum
1272 1214 1493 1303 intervallo
1514 1212 1606 1328 post
1624 1242 1716 1305 rem
1734 1246 1810 1332 ge-

237 1391 268 1437 „
295 1330 397 1421 stam
415 1331 569 1417 chartis
591 1243 883 1426 demandatas,
910 1324 1288 1415 certiffimumest”.

293 1442 437 1556 Hujus
457 1444 649 1555 figmenti
670 1440 928 1552 ingeniosam
955 1439 1050 1528 sane
1082 1442 1290 1529 rationem
1318 1436 1380 1525 his
1410 1440 1547 1527 verbis
1576 1436 1809 1559 Episcopus

237 1557 393 1651 reddit.
450 1614 482 1656 „
498 1553 667 1643 Coaiiis
697 1555 880 1666 Judaeis
906 1552 998 1668 post
1025 1551 1319 1642 destrusiuma
1345 1549 1441 1637 Tito
1458 1553 1664 1666 templum
1683 1556 1811 1644 dimi·

237 1730 266 1777 „
296 1670 415 1757 dium
442 1668 631 1768 Siclum,
659 1666 847 1781 Templo
877 1688 999 1754 antea
1026 1665 1231 1779 pensum,
1268 1663 1437 1755 AErario
1468 1669 1650 1752 Romano
1678 1670 1809 1757 inser·

237 1843 267 1885 „
296 1811 366 1883 re,
385 1808 534 1871 eorum
553 1785 596 1868 in
615 1807 668 1868 eo
689 1779 930 1870 vertebatur
948 1781 1304 1881 commodum,ut
1324 1778 1419 1866 data
1439 1778 1655 1868 occasione
1675 1784 1808 1871 tribu·

238 1954 267 1999 „
295 1918 387 1984 tum
413 1922 493 2010 pro
532 1897 642 1982 virili
660 1895 911 1982 minuerent.
968 1894 1100 2009 Quod
1129 1891 1318 1982 detrasio
1346 1889 1546 1979 Sextanre
1565 1889 1808 1986 efficiebant

237 2069 268 2114 „
296 2008 414 2109 sane,
443 2008 676 2097 dummodo
697 2012 863 2096 mitium
882 2009 975 2123 post
998 2008 1265 2093 Hadrianum
1282 2001 1507 2092 Caesarum
1526 2008 1600 2095 uni
1620 2010 1686 2093 vel
1706 2011 1809 2098 alte-

235 2179 265 2223 „
295 2126 354 2222 ri,
382 2121 630 2209 Alexandro
649 2148 689 2211 v.
711 2148 750 2233 g.
781 2123 902 2209 nullis
928 2122 1087 2236 injuriis
1116 2140 1376 2236 provocat0,
1402 2116 1729 2233 persuaderent,
1759 2126 1809 2211 il·

237 2295 265 2338 „
292 2236 356 2323 los
381 2233 457 2323 sub
486 2235 642 2322 ultimis
671 2235 753 2322 suis
781 2234 972 2347 Regibus
1002 2234 1121 2321 cusos
1150 2233 1315 2332 Siclos,
1344 2238 1362 2342 (
1394 2258 1470 2319 uos
1490 2228 1673 2321 adhunc
1693 2228 1809 2323 diem

238 2407 266 2450 „
293 2370 535 2437 commenta
553 2349 622 2434 sua
644 2349 847 2435 firmaturi
867 2347 1101 2452 ostentant)
1130 2349 1222 2435 illos
1250 2345 1360 2463 ipsos
1426 2344 1520 2448 isse,
1549 2374 1657 2462 quos
1673 2346 1811 2438 Tem·

235 2520 265 2563 „
292 2462 365 2575 plo
384 2460 482 2547 Lex
501 2460 657 2547 inferre
672 2458 842 2572 jusserat
862 2460 965 2564 irid
986 2461 1103 2575 quod
1124 2462 1323 2547 Romanis
1340 2457 1615 2573 gratissimum
1624 2459 1690 2550 vel
1707 2462 1810 2551 ideo

235 2628 266 2675 „
295 2571 486 2662 accidisse
507 2572 788 2672 crediderim,
816 2574 1016 2688 quoniam
1036 2571 1120 2661 hoc
1139 2573 1271 2662 modo
1290 2572 1342 2659 ab
1360 2572 1481 2687 ipfius
1503 2570 1811 2686 Mossstempo·

236 2743 267 2788 „
294 2685 407 2772 ribus
426 2687 605 2797 repetita
623 2684 727 2795 legis
747 2688 1001 2773 nummariae
1024 2686 1436 2882 Romanaeoriqine,
1456 2687 1495 2771 ei
1515 2685 1569 2773 stc
1590 2684 1810 2777 uetustissi·

235 2856 265 2906 „
292 2824 385 2887 mae
411 2798 669 2914 antiquitatis
697 2796 933 2887 veneranda
958 2796 1178 2888 audoritas
1207 2825 1307 2885 acce
1339 2795 1434 2884 ebat
1464 2798 1548 2885 &c
1567 2799 1678 2890 &c'’.

295 2910 545 2999 Phoenicum
574 2937 772 2997 nummos
799 2910 855 2997 ob
886 2910 1139 3024 gravissimas
1167 2914 1349 3000 rationes
1388 2932 1585 3046 tanquam
1622 2912 1811 3007 medium

236 3026 469 3139 proponit,
498 3049 586 3136 quo
615 3021 668 3107 ad
684 3025 938 3109 nummariae
968 3027 1030 3109 rel
1049 3024 1333 3110 Hebraeorum
1352 3051 1407 3110 co
1465 3023 1640 3112 itionem
1659 3051 1812 3138 perve-

237 3138 331 3224 nire
349 3136 486 3220 liceat.
544 3129 827 3219 Memorabile
856 3134 1043 3247 inprimis
1063 3136 1181 3251 quod
1200 3133 1370 3249 Tyrium
1433 3135 1621 3227 alentum
1643 3160 1809 3229 veteres

238 3247 429 3337 rionnulli
449 3244 597 3331 Attico
617 3247 789 3360 aequale
808 3242 890 3332 elle
910 3247 1111 3360 scriptum
1140 3247 1399 3363 reliquerint.
1847 3274 1851 3285 ·

292 3359 442 3447 Sacrae
491 3360 635 3471 aginae
654 3388 691 3430 w
719 3357 887 3467 Kesttah
914 3359 987 3445 seu
1007 3361 1123 3476 Agri
1141 3361 1295 3452 Genes.
1316 3359 1518 3453 XXXIII.
1540 3361 1582 3453 dr
1602 3364 1700 3455 alibi
1719 3390 1811 3455 ωε·

234 3474 420 3572 mlnere3
496 3475 653 3588 ruitque
664 3491 831 3583 perterre
849 3476 947 3586 agri
976 3476 1020 3557 in
1040 3504 1123 3589 que
1133 3476 1300 3585 fixerat
1319 3476 1614 3579 tabernacula,
1641 3510 1669 3564 e
1694 3479 1811 3590 filiis

234 3586 414 3684 Hemor,
435 3588 583 3698 patris
599 3584 761 3673 Sichem
780 3604 941 3673 centum
960 3589 1110 3701 Agris.
1135 3586 1230 3697 Job.
1250 3585 1384 3675 XLII.
1409 3616 1472 3672 rr.
1530 3589 1814 3679 Etdederunt

235 3704 275 3786 ei
293 3698 466 3811 quicque
484 3725 600 3782 overe
619 3724 750 3782 unam.
784 3694 899 3795 *Hic
919 3725 1112 3793 nummus
1132 3700 1182 3789 ab
1201 3703 1298 3814 agni
1316 3696 1481 3814 effigie,
1499 3706 1813 3819 quamimpres·

234 3808 320 3899 sam
348 3806 553 3921 gestabat,
582 3834 739 3898 nomen
767 3805 936 3899 sortitus
967 3810 1037 3900 est.

1646 3930 1813 4045 Keseph

294 4156 309 4231 i
330 4154 405 4217 Cum
423 4154 600 4228 ,subobscure
636 4157 708 4219 brec
734 4157 879 4221 nonnulis
905 4158 998 4222 videri
1039 4161 1273 4234 contendemus,
1294 4175 1368 4243 quor
1386 4157 1512 4239 Templo
1532 4159 1611 4239 prius
1631 4156 1810 4228 inmlerantr

234 4228 352 4309 poffint,
375 4231 811 4327 quidsubsrtpnucisdeclrrabo.
850 4238 997 4327 Iscbraeo·
1038 4257 1097 4375 quo
1110 4241 1213 4300 riuum
1226 4240 1285 4315 est,
1304 4256 1334 4298 ut
1350 4238 1464 4328 lingullr
1475 4236 1547 4297 belle
1559 4237 1687 4312 quintam
1695 4248 1811 4313 ριηιιιι

234 4313 999 4461 ‘bismilies‘ustilatis”tissimus
1038 4312 1811 4453 iratissumis,bisuntii-mie

234 4402 387 4521 dimidium
401 4460 497 4521 siclum
510 4460 627 4522 AEmrio
641 4464 752 4522 Romano
773 4463 901 4540 pendere
922 4466 997 4536 jum.
1014 4466 1020 4489 ¹
1038 4411 1338 4543 quadremvixptrrnen
1352 4482 1412 4528 tem
1427 4467 1563 4541 plumbeo
1578 4466 1728 4527 MercurIo
1745 4463 1807 4533 Re·

292 4554 320 4600 m
340 4536 466 4614 Templo
479 4552 546 4599 anre
560 4538 612 4599 bac
626 4540 847 4616 pensitaverant,
869 4558 1000 4601 nummos
1041 4560 1141 4608 manos
1153 4544 1249 4621 decipi
1260 4544 1381 4623 potuisse
1397 4543 1471 4606 mibi
1487 4540 1657 4622 persuadeo.

246 4631 299 4691 ¹um
319 4631 356 4680 ex
375 4630 412 4675 eo
433 4626 561 4692 tempore
577 4630 623 4690 rra
641 4628 721 4690 parre
742 4617 778 4678 iis
798 4618 920 4679 nuiorea
947 4619 1002 4681 esc
