4140 5646
493 269 983 388 MENSUR-ARUM
1020 280 1113 387 ET
1145 282 1568 394 PounnnuM.
1725 331 1827 430 nrp

246 548 252 560 ,
278 550 281 557 ·
306 502 654 617 ⁰Quadrisariam
674 502 831 601 statim,
860 505 904 588 in
920 500 1150 612 jentacula,
1180 506 1381 616 prandia,
1405 534 1557 595 coenas
1578 508 1679 610 dcc,
1703 510 1819 600 chem

245 615 517 730 dispertiebat
530 619 740 704 tantus-vir
751 643 913 731 ,neque
931 618 1065 703 minus
1076 643 1258 731 unquam
1280 620 1818 741 finguliapparatus,quam

246 762 417 842 400000
437 733 650 815 Nummim
670 728 972 828 constiterunt,
997 730 1069 816 seu
1095 761 1202 842 3229
1226 734 1251 815 l.
1277 762 1294 832 3
1320 731 1349 817 s.
1371 765 1399 840 4
1425 733 1468 817 d.
1489 738 1532 821 oc
1563 765 1650 850 quo
1675 743 1818 850 proxi.

246 847 476 957 misepulis
496 846 637 930 locum
657 867 851 956 pararet,
882 843 973 956 post
1004 843 1159 953 singula
1188 847 1381 951 convivia
1409 847 1496 932 leui
1522 853 1715 937 emerico:
1736 851 1818 938 iio·

245 957 442 1046 maehum
460 955 637 1044 leuabat.
1808 992 1812 1001 ·

301 1071 446 1159 asans
474 1071 687 1183 splendida
714 1071 945 1187 aliquando
980 1098 1112 1157 coena
1142 1098 1176 1157 a
1200 1072 1329 1160 fratre
1360 1079 1404 1159 ei·
1429 1074 1522 1162 data
1552 1076 1633 1175 cst,
1662 1081 1706 1164 in
1765 1111 1817 1167 ua

243 1188 333 1275 duo
351 1186 478 1271 millia
495 1183 807 1272 ledissrmorum
827 1185 1032 1299 piscium,
1053 1185 1212 1298 septem
1234 1190 1372 1273 auium
1394 1188 1577 1300 apposita
1594 1190 1698 1276 sunt.
1735 1109 1817 1278 ia-

243 1304 426 1389 [inarum
454 1326 581 1385 unam
612 1299 676 1386 ob·
705 1298 949 1385 immensam
978 1300 1342 1410 magnitudinem,
1379 1304 1558 1414 rbypeum
1590 1306 1818 1392 Minervae

242 1415 376 1511 dixit,
405 1415 453 1497 in
470 1412 577 1499 hanc
599 1418 815 1524 scarorum
848 1414 1072 1528 praecipue
1097 1412 1317 1524 jecinora,
1348 1413 1634 1527 phastanoram
1664 1419 1707 1501 &
1736 1441 1818 1532 pa·

242 1555 394 1615 vonum
414 1525 649 1624 cerebella,
682 1528 843 1641 linquas
860 1528 1221 1642 phoenicopterum
1247 1586 1268 1625 ,
1305 1554 1592 1612 muraenarum
1620 1529 1771 1629 laites,
1794 1564 1822 1618 a

239 1639 527 1733 remotissimis
553 1638 795 1751 regionibus
815 1666 890 1752 per
919 1646 1110 1726 triremes
1135 1643 1364 1751 petitarum·
1389 1640 1668 1726 commiscuit.
1726 1645 1818 1729 Ad·

242 1757 390 1845 tendat
408 1753 568 1852 ledor,
591 1752 709 1867 quod
729 1757 1007 1867 principatum
1028 1758 1138 1840 inter
1158 1754 1287 1865 pisces
1308 1758 1489 1842 tenuerit
1511 1758 1684 1864 scaras,
1712 1762 1819 1842 cari-

242 1872 339 1956 tatis
359 1889 528 1968 tantae,
552 1889 599 1953 ut
621 1867 893 1954 tetrarchiam
908 1896 962 1952 eo
982 1869 1120 1978 pretio
1141 1865 1427 1979 comparasses.
1485 1868 1555 1952 Ab
1578 1867 1818 1955 hocsecun-

242 1983 297 2069 da
316 2003 406 2070 erat
424 1982 630 2093 mustella,
662 2008 786 2094 quam
811 1980 987 2071 demum
1003 1983 1160 2067 mallim
1174 1980 1424 2095 sequebatur
1435 2040 1457 2081 ,.
1486 1980 1685 2096 huncque
1716 1986 1820 2092 64-1.

243 2122 545 2210 nonnunquam
567 2095 860 2181 vendiderunt.
1501 2144 1507 2149 -

246 2280 250 2287 .
301 2212 477 2296 Romani
495 2211 615 2294 finito
645 2213 789 2321 primo
812 2208 932 2293 bello
958 2212 1119 2294 Punico
1138 2208 1338 2295 cubantes
1360 2236 1539 2296 coenare
1560 2231 1822 2324 coeperunt,

272 2324 389 2410 rocus
409 2322 540 2407 dubio
559 2326 757 2437 quoniam
776 2324 901 2409 lavati
921 2321 1054 2408 statim
1073 2321 1390 2410 accumbebant.
1466 2324 1671 2409 Nobilitas
1691 2325 1816 2410 habe-²·

205 2527 206 2531 Ν
240 2351 315 2522 bat
333 2435 491 2521 mensas
521 2435 721 2535 humiles,
750 2439 900 2523 citreas
920 2438 1193 2553 plerumque,
1222 2457 1292 2521 aut
1312 2464 1367 2522 ex
1395 2437 1478 2521 alia.
1491 2437 1639 2523 arbore
1658 2442 1817 2550 pretio-

242 2547 282 2634 sa
310 2547 560 2649 fabricatas,
591 2550 807 2664 tribusque
837 2550 1030 2636 eburneis
1060 2550 1261 2660 pedibus,
1291 2551 1424 2635 leonis
1442 2571 1512 2636 aut
1533 2550 1720 2663 leopardi
1740 2579 1817 2636 un·

242 2661 387 2773 gulam.
401 2660 719 2762 referentibus,
753 2662 887 2748 fultas.
956 2663 1077 2747 Lem
1098 2667 1259 2748 circum
1279 2661 1460 2747 mensam
1488 2662 1670 2774 dispositi
1699 2688 1819 2751 erant

240 2775 490 2885 plerumque
512 2794 619 2872 tres,
648 2774 822 2859 subinde
841 2773 1008 2858 nonnisi.
1022 2773 1131 2870 duo,
1151 2776 1194 2859 id
1215 2774 1338 2886 quod
1352 2772 1443 2886 post
1460 2775 1817 2888 Vespqscanumin·
1948 2776 1951 2781 ’

269 2889 387 2970 rimis
420 2885 605 2970 obtin-uit
623 2944 643 2984 ,.
666 2885 779 2970 unde
808 2887 999 2968 Biclinia
1026 2885 1278 2981 ditiasunta
1303 2885 1487 2972 mensam
1506 2889 1547 2970 in
1567 2887 1818 2974 semicirculi

288 3024 428 3083 rmam
440 2998 645 3095 excisam,
663 2998 803 3111 Sigma
821 2997 1026 3082 vocabant
1040 3031 1056 3092 ς.
1083 2997 1292 3083 residuum
1301 2999 1483 3109 spatium.
1496 2999 1821 3111 proministrans„

241 3109 353 3195 tibus
373 3108 554 3221 patebat.
613 3109 768 3195 Letios
789 3111 949 3193 circum
970 3130 1107 3195 utram
1138 3137 1191 3195 ue
1210 3110 1394 3211 mensam
1420 3113 1655 3221 magnificis-
1673 3113 1818 3200 inster-

241 3221 397 3311 nebant
417 3221 616 3308 toralibus
645 3223 944 3332 elegantiores..
969 3228 972 3233 ’
995 3220 1034 3307 Ε
1063 3139 1221 3310 hainao
1234 3222 1383 3335 egressi
1411 3225 1558 3335 vestem
1585 3225 1815 3314 induebant

242 3338 527 3421 coenatoriam.
586 3334 799 3420 Convivas
831 3335 1069 3446 complures
1104 3336 1243 3421 eidem
1273 3335 1436 3420 mensae
1465 3337 1716 3448 planenon,
1744 3362 1816 3424 aut

241 3448 388 3535 saltem.
415 3451 520 3545 vix,
541 3450 805 3560 circumponi
827 3445 1004 3560 potuisse
1025 3446 1231 3561 descripta
1251 3446 1528 3533 accumbendi
1549 3452 1665 3532 ratio·
1679 3447 1814 3535 osten-

243 3561 316 3649 dit.
401 3562 710 3648 Duodenorum
740 3581 878 3645 tamen
906 3561 1106 3663 inclytam
1125 3588 1302 3646 coenam
1321 3556 1549 3644 exhibuisse
1568 3562 1823 3674 Augustam,

243 3673 352 3763 tellis
366 3673 429 3761 est
449 3674 482 3760 S
481 3666 673 3761 aratorias
681 3734 703 3775 ,.
723 3662 935 3757 inhaesus.
952 3673 1107 3781 exinde
1125 3673 1311 3775 didam,
1328 3673 1373 3758 id
1384 3672 1521 3787 quod.
1535 3673 1815 3874 vulggess’de

1743 3819 1816 3875 ern

277 4015 304 4061 o.
317 3998 472 4061 Suetonius
487 3999 516 4057 in
530 3997 651 4061 Vitellio
665 4019 691 4061 c.
710 4016 755 4075 13.
776 3999 931 4063 'trifariam
939 4000 1005 4061 sern-
1048 4000 1264 4076 habeamque
1279 3998 1442 4059 dnomlllia
1456 3997 1814 4073 tentumorumpiscinn.

240 4090 314 4167 per,
348 4077 492 4138 interdum
525 4076 727 4151 quadrifariam
764 4078 948 4153 dispertiebat
977 4079 1004 4135 ln
1047 4079 1152 4152 septem
1167 4079 1262 4135 avium
1278 4076 1402 4153 apposita
1416 4074 1573 4134 traduntur.
1595 4075 1677 4139 Hanc
1699 4090 1814 4151 qunque

239 4153 379 4224 tutacula
393 4198 414 4224 ,.
431 4153 549 4230 prandia
569 4153 597 4213 ἃ
615 4172 721 4215 coenas
746 4153 1005 4214 commessationes·
1046 4152 1224 4229 exsuperavit
1237 4153 1294 4228 ipse
1308 4193 1325 4224 ,.
1340 4151 1522 4211 dedicatione
1542 4152 1814 4227 patinae,qnatnoh

241 4246 310 4306 que:
331 4229 417 4290 facile
430 4233 563 4290 omnibus
582 4229 739 4304 sufficiens,
759 4229 918 4291 vanitandi
938 4248 1003 4291 con·
1046 4230 1214 4291 immensam
1232 4228 1459 4309 magnitudinem
1480 4228 1617 4304 Clypeutn
1640 4228 1795 4288 Minervae

242 4303 397 4371 uetudine.
444 4308 595 4369 indicebat
615 4321 710 4368 autern
730 4307 877 4368 alli'aliud
902 4307 1002 4367 eadem
1044 4291 1435 4376 tapnmniffldinnabac
1472 4303 1573 4363 inhac
1593 4288 1813 4376 scarorum-jeci!

243 4380 306 4441 ne:
323 4396 379 4442 nec
392 4385 525 4459 culquam
539 4385 631 4444 nunus
641 4385 747 4462 singuli
768 4398 918 4461 apparatus
939 4401 1005 4460 qua·
1039 4384 1171 4454 cincta,
1208 4382 1406 4458 phasianorum
1432 4379 1461 4440 dt
1488 4396 1631 4456 pavonum
1656 4383 1825 4451 cerebella,¹

244 4454 370 4531 dragcnis
439 4460 565 4519 millibus
611 4462 759 4521 nummum
808 4459 1004 4520 constiterunt.
1047 4461 1157 4534 linguas
1171 4460 1428 4535 phoenicopterum
1440 4500 1457 4527 „
1472 4471 1667 4514 muraenarum
1694 4458 1776 4515 laites
1797 4473 1817 4513 a

188 4538 191 4579 Ι
243 4546 260 4607 p
282 4532 436 4595 Suetonius
451 4537 478 4593 ln
493 4536 615 4596 Vitellio
630 4554 654 4597 c.
672 4550 716 4608 13.
754 4534 940 4595 Famostffinra
963 4536 1002 4594 iti·
1025 4535 1203 4611 ,Carpathio
1217 4535 1305 4610 usque
1326 4535 1456 4608 fretoque
1471 4532 1624 4607 Hispanlae
1643 4548 1695 4603 per
1715 4549 1814 4592 natan

244 4623 295 4682 per.
307 4622 433 4674 caeteras
450 4610 515 4674 suit
526 4628 619 4674 cotue
645 4613 674 4674 ei
705 4613 773 4674 data
797 4609 965 4674 aduenticia
990 4611 1166 4691 aicius-ac
1180 4605 1670 4689 nitentespetinrnmconrnilcuit.
1803 4644 1810 4661 .
