4140 5646
514 237 1030 331 nfruusunouum
1060 239 1103 329 a
1131 240 1550 341 uouuuuum.
1733 290 1816 370 251

303 456 533 547 Extremae
543 455 693 543 Indiae
710 454 1193 573 geographiam,parum
1203 481 1368 549 veteres
1380 483 1596 550 noverant.
1628 462 1810 553 Atribus

247 574 417 661 diversis
427 574 592 687 populis
611 598 704 658 eam
713 569 934 658 inhabitari
945 572 1477 676 c1·edebant,orientalibus
1488 577 1631 687 Scytbi
1638 578 1813 667 ,Scribas

248 692 292 776 dt
305 688 433 774 Sitris.
452 687 626 800 Scythae
635 685 830 773 hodierni
841 684 1018 772 Tartari
1028 686 1286 804 sunt‚prope
1299 691 1452 778 Chiaae
1470 689 1813 803 septentrionales

247 830 354 891 orat.
413 804 536 889 Seres
562 801 896 915 septentrionalis
928 801 1084 890 Chiaao
1104 806 1294 903 incolae,
1323 803 1605 893 meridionalis
1625 835 1727 896 vero
1747 810 1810 896 in·

244 918 366 1005 colae
393 918 518 1003 Siaaa
546 934 677 1006 erant.
765 914 938 1027 Scythia
957 920 1205 1019 orientalis,
1246 922 1345 1005 alias
1377 918 1565 1029 Cathay,
1611 922 1811 1007 Caracat-

244 1032 365 1143 hay,
390 1031 460 1118 seu
479 1032 664 1148 Nigrim
693 1027 875 1140 Cathay,
916 1036 952 1115 is
971 1052 1108 1119 terrae
1137 1032 1289 1121 traduc
1318 1031 1400 1135 est,
1427 1060 1555 1147 quem
1577 1036 1812 1150 Gaographi

242 1146 416 1231 Arabes
447 1145 656 1232 &sacrae
683 1144 859 1257 paginae
899 1145 989 1262 Gog
1017 1146 1084 1234 vel
1122 1149 1279 1263 Magag
1308 1149 1577 1259 compellant.
1665 1150 1813 1234 Seram

243 1257 538 1371 adpellatione·
552 1282 700 1343 omnes
727 1258 841 1359 sere,
858 1280 1086 1377 -quotquot
1104 1258 1222 1363 sunt,
1253 1264 1477 1348 orientales
1499 1262 1677 1376 populos
1707 1265 1811 1349 anti-

241 1373 319 1490 qui
336 1371 764 1485 comprehendebant.
821 1370 987 1494 Eximio
1007 1377 1050 1461 in
1079 1378 1348 1463 commerciis
1370 1377 1580 1490 aequitate
1610 1375 1813 1461 inclarue-

242 1507 375 1584 runt,
413 1487 515 1572 licet
543 1508 789 1574 exterorum
833 1509 1007 1573 coetum
1035 1515 1160 1600 aegre
1181 1489 1354 1578 ferrent.
1442 1490 1612 1574 Merces
1633 1516 1731 1574 cum
1750 1491 1815 1575 in·

242 1598 402 1715 scriptis
420 1602 565 1715 pretiis
584 1600 876 1713 exponebant,
901 1601 1261 1717 secedebantque;
1282 1632 1387 1690 mox
1405 1602 1674 1689 advenientes
1703 1626 1816 1688 mer·

240 1736 429 1813 catores,
448 1740 556 1830 quae
575 1711 751 1798 soluturi
762 1734 881 1801 erant
903 1717 1038 1827 pretia
1055 1718 1270 1804 mercibus
1289 1716 1587 1831 imponebant,
1607 1715 1815 1829 &pariter

238 1826 429 1913 abibant:
462 1852 550 1940 quo
570 1823 681 1911 facio
700 1849 963 1914 revertentes
984 1828 1107 1913 Seras
1125 1851 1196 1915 aut
1215 1855 1385 1926 merces,
1400 1851 1471 1916 aut
1491 1832 1650 1943 pretia,
1687 1852 1816 1941 prout

238 1935 478 2056 placuisset,
515 1935 771 2024 auferebant.
858 1936 1024 2024 Adlatis
1053 1941 1300 2053 Eustathius
1327 1942 1401 2028 sub
1432 1944 1639 2028 Herodoti
1659 1942 1742 2027 fide
1766 1942 1816 2028 id

239 2051 476 2165 subjungit,
503 2049 652 2138 eadem
670 2052 835 2139 ratione
859 2051 1226 2168 Cartbagiaiaafl’s
1245 2082 1344 2140 cum
1364 2057 1573 2141 nonnullis
1593 2076 1711 2142 extra
1741 2056 1816 2139 Co-

238 2172 402 2255 lumnas
428 2167 631 2250 Herculis
658 2165 823 2279 populis
843 2169 1101 2253 commercia
1129 2166 1282 2253 facem.
1370 2170 1495 2253 Seres
1520 2172 1632 2253 inter
1651 2189 1816 2253 veteres

231 2283 373 2396 sirica
392 2277 649 2395 potiffimum
676 2276 797 2364 vestis
824 2277 1055 2367 illustravit.
1114 2280 1312 2368 Sirtaram
1332 2283 1458 2381 olim,
1495 2303 1568 2367 aut
1587 2278 1816 2365 Thiaaram

238 2395 439 2493 nomine,
462 2417 554 2480 non
573 2391 708 2481 solum
727 2393 1021 2482 meridionales
1042 2394 1191 2494 Sitrae,
1221 2395 1291 2482 sed
1304 2394 1345 2479 δι
1368 2399 1590 2505 regionum
1610 2391 1817 2505 Taaqaia,

228 2507 570 2608 'Cochiachiaae,
616 2509 772 2621 Paga,
813 2506 859 2593 dt
888 2507 1003 2593 Siara
1040 2508 1204 2594 incolae
1233 2510 1469 2596 veniebant.
1543 2506 1716 2591 Scribas
1744 2533 1817 2592 ve·

238 2643 351 2711 teres
372 2624 495 2709 Sinas
509 2620 650 2708 multo
673 2621 964 2721 humanioreS‚
993 2620 1036 2707 a
1056 2645 1272 2734 praeterea
1291 2626 1483 2709 nauticae
1503 2640 1816 2707 mercaturaeve

238 2735 363 2825 valde
382 2734 551 2823 studiosr
575 2733 761 2822 suerunt.
819 2733 864 2819 ln
885 2737 1075 2821 omnium
1114 2740 1269 2822 artium
1300 2736 1345 2821 &
1374 2734 1686 2847 disciplinarum
1706 2734 1815 2842 peri·

241 2852 299 2939 tia
326 2851 450 2936 Indis
468 2851 750 2961 principatum
779 2847 1082 2935 concedebant.
1149 2845 1463 2960 Philosophiam
1483 2845 1524 2933 se
1544 2876 1568 2931 a
1589 2843 1815 2931 Brachma-

241 2966 311 3052 ais
327 2962 516 3051 didicilTe
543 2962 629 3077 ipse
649 2962 873 3073 Confirtias
899 2960 1081 3059 fatetur;
1110 2960 1226 3047 suam
1249 2983 1389 3049 tamen
1408 2960 1820 3046 eruditionemuter-

240 3107 350 3195 que,
389 3077 433 3163 de
454 3077 557 3163 Siaa
586 3076 631 3162 δι
659 3073 815 3173 Indos,
843 3074 1070 3189 AEgyptiis
1097 3073 1268 3163 debent.
1355 3074 1595 3159 Indicarum
1613 3076 1820 3162 mercium

239 3194 465 3308 praecipua
482 3215 637 3302 genera
656 3189 875 3276 Arrianus
899 3192 943 3274 in
973 3190 1241 3301 Erythraei,
1280 3186 1510 3276 seu-Rabri
1538 3188 1661 3274 maris
1689 3188 1819 3271 Peri-

232 3308 336 3423 plo,
364 3304 594 3402 recensuit,
623 3327 805 3417 quorum
824 3302 1024 3390 nonnulla
1043 3304 1097 3391 ad
1116 3303 1229 3391 hunc
1260 3303 1390 3420 usque
1409 3303 1523 3389 diem
1541 3328 1596 3387 ex
1614 3299 1738 3382 India
1766 3298 1820 3384 ad

241 3446 322 3507 nos
342 3414 601 3505 adseruntur.
686 3417 802 3503 Ante
821 3415 1047 3532 Augustam
1066 3417 1233 3503 Indiam
1250 3419 1355 3530 pleri
1388 3445 1441 3503 ue
1461 3414 1604 3501 Rabro
1623 3414 1727 3497 mari
1746 3411 1819 3496 ad·

243 3533 393 3629 ibant,
434 3556 560 3646 quam
597 3532 906 3641 navigationem
933 3551 1127 3620 accurate
1157 3535 1334 3617 Plinius
1351 3447 1559 3622 describit.
1616 3525 1818 3611 ltinerum

244 3645 324 3736 hac
344 3646 549 3732 memoria
569 3671 644 3759 per
671 3643 830 3733 fretum
852 3646 1048 3760 Waigats
1068 3646 1112 3732 dc
1144 3645 1294 3730 Novae
1313 3644 1508 3730 Zemblae
1537 3659 1819 3736 tentatortun,

245 3760 401 3849 nullam
420 3781 583 3860 veteres
603 3756 850 3873 Geographi
870 3762 1064 3847 notitiam
1074 3758 1256 3846 habuisse
1269 3759 1476 3845 videntur.
1494 3861 1497 3867 ¹
1531 3755 1603 3842 De
1622 3749 1820 3863 Astasep·

248 3874 489 3961 tentrionali
524 3895 688 3961 veteres
717 3874 893 3961 ridicula
913 3876 1058 3989 opinio
1085 3872 1346 3987 pervaserat,
1382 3872 1571 3985 Caspium
1581 3869 1695 3954 enim
1707 3891 1819 3954 mare

247 3987 432 4101 Scythici
450 3988 521 4075 seu
541 3987 663 4096 Astae
680 3987 1014 4102 septentrionalis
1033 3992 1182 4075 oceani
1202 3989 1334 4075 smum
1362 3984 1443 4074 esse
1472 3982 1724 4079 credebant,
1751 4004 1819 4064 ea·

248 4128 332 4216 que
342 4102 430 4189 duo
450 4104 577 4188 ntaria
596 4099 683 4213 ejus
700 4099 929 4189 latitudinis
950 4104 1069 4189 alveo
1088 4096 1682 4215 conjungi,quinavibussatis
1703 4112 1820 4206 pate-

246 4239 334 4317 ret,
374 4213 567 4329 haecque·
591 4214 842 4314 credebant,
880 4216 980 4302 licet
1017 4217 1063 4303 iu
1091 4217 1344 4302 contrariam
1370 4238 1534 4327 partem
1560 4204 1822 4297 manifestum

249 4325 452 4413 Herodoti
476 4327 985 4435 tellimoniumhaberent.

306 4441 428 4551 Astae
450 4442 492 4527 &
514 4443 709 4557 Earopaa
727 4442 1072 4557 septentrionales
1103 4463 1244 4560 partes
1271 4442 1357 4557 jam
1388 4442 1532 4557 priscis
1560 4429 1823 4544 temporibus

252 4577 396 4646 mutua
423 4560 679 4645 commercia
696 4556 922 4649 exercuisse
952 4557 1167 4759 probalbile
1186 4556 1269 4662 est,
1306 4561 1441 4672 qualia
1459 4554 1575 4643 Sinis
1592 4545 1824 4636 hodiedum

1100 4674 1115 4757 i
1143 4702 1168 4755 2
1718 4682 1823 4748 cum
