4140 5646
396 282 486 381 ²⁶4
632 251 946 353 TA-BULAE
976 244 1215 363 ANTIQ.
1247 243 1753 341 NUMISMATUM

401 492 664 573 internorum
691 472 812 561 doses
835 471 940 555 artis
968 468 1062 554 liliis
1093 486 1218 553 notae
1247 459 1370 548 fuisse
1390 464 1599 551 videntur.
1668 464 1841 581 Saepius
1860 474 1977 563 enim

402 604 460 685 ita
479 595 658 707 scripsit,
685 588 807 698 hujus
830 580 1096 669 mercimonii
1107 599 1269 665 tantum
1288 576 1432 675 dator,
1453 601 1667 691 quantum
1688 586 1786 683 uni,
1817 586 1979 677 duabus

403 734 473 798 aut
495 708 626 794 tribus
645 701 885 815 potionibus
905 695 998 781 satis
1019 690 1088 777 est.
1146 689 1205 775 lta
1225 716 1456 802 puerperae
1473 693 1518 777 dc
1548 693 1756 781 lotionem
1776 702 1980 787 exVera·

374 854 383 865 ’
405 828 469 911 tri
490 818 731 934 potionibus
753 810 935 905 duabus,
964 833 1095 921 aquae
1116 804 1332 901 liminis,
1359 805 1431 889 seu
1452 806 1610 915 Cotytia
1630 806 1738 895 binis
1761 818 1981 917 macerati,

403 940 495 1025 dari
510 935 651 1046 jubet:
683 933 958 1041 pintam,qua
978 924 1121 1005 vinum
1140 918 1613 1018 metimur,dimidiam,
1638 924 1792 1032 Cotyla
1801 928 1870 1013 vel
1887 928 1982 1015 He·

403 1056 515 1137 mina
534 1050 791 1159 aliquantum
810 1037 986 1147 superat.
1074 1052 1092 1091 θ
1111 1032 1158 1117 ln
1187 1031 1369 1117 eundem
1388 1032 1515 1117 finem
1535 1035 1683 1117 Grana
1701 1038 1878 1139 Cnidia,
1906 1042 1981 1129 seu

405 1166 552 1249 baccas
583 1156 782 1245 Mezerei
811 1151 1046 1259 sexaginta,
1087 1146 1210 1231 melle
1240 1144 1283 1229 dc
1316 1146 1413 1229 oleo
1449 1170 1680 1247 macerata,
1709 1152 1978 1261 praescribi-t:

405 1276 519 1367 unde
548 1277 754 1359 internam
781 1263 909 1351 dosru‘
929 1288 984 1347 ex
1013 1261 1183 1370 triginta
1205 1258 1341 1370 granis
1362 1258 1659 1372 compositam,
1689 1266 1834 1377 colligi
1859 1268 1981 1379 posse

404 1389 585 1476 videtur.

465 1519 482 1561 θ
502 1501 574 1588 Ad
593 1500 707 1585 idem
728 1492 1004 1583 obtinendum
1025 1491 1227 1577 conducit
1238 1489 1386 1574 Caenei
1396 1490 1712 1600 ¹(medicaminis
1741 1495 1859 1607 quod
1889 1524 1985 1585 rur-

407 1618 473 1703 sus
504 1618 754 1700 Mezeream
784 1604 1037 1721 suppeditat)
1068 1604 1209 1716 portio
1238 1632 1343 1701 una,
1383 1607 1424 1687 in
1456 1634 1586 1717 aquae
1616 1606 1770 1691 mulsae
1799 1609 1984 1697 Hemina

409 1729 616 1844 AEginaea
644 1748 861 1811 macerata.
949 1720 1156 1803 Harmina
1183 1714 1391 1829 AEginaea
1418 1719 1470 1802 ad
1500 1718 1667 1802 Talenti
1684 1718 1897 1835 AEginaei
1917 1752 1983 1811 ra-

410 1845 812 1936 tionemeaornata,
850 1833 985 1920 nostra
1015 1830 1187 1917 dimidia
1217 1832 1333 1941 pinta
1353 1828 1484 1939 major
1504 1830 1552 1917 srt
1573 1853 1767 1943 oportet,
1795 1834 1868 1921 seu
1888 1840 1983 1951 pin-

410 1976 478 2043 tae
496 1970 516 2055 4
534 1953 717 2067 partibus
737 1950 826 2036 scre
848 1949 1041 2062 aequalis.

466 2082 484 2125 ⁶
506 2069 615 2153 aloa
637 2066 909 2151 Scammoniae
926 2063 1169 2175 potionem,
1199 2059 1326 2172 Aqua
1345 2066 1498 2168 anaalsa,
1528 2084 1598 2148 aut
1619 2092 1751 2177 aquae
1772 2092 1983 2179 uvaepas-

408 2184 475 2271 sae
504 2182 683 2279 Hemina
719 2180 895 2289 Attica,
933 2198 1197 2269 maceratae,
1237 2200 1316 2283 pro
1345 2174 1500 2259 codem
1527 2177 1679 2264 morbo
1699 2181 1896 2292 applicari
1914 2180 1982 2295 ju·

410 2298 507 2395 bet,
537 2323 623 2407 quo
643 2296 740 2379 loco
771 2288 1056 2377 mensurarum
1078 2288 1256 2370 mutatio
1276 2284 1556 2372 memorabilis
1590 2296 1802 2391 occurrit,
1841 2322 1982 2413 neque

409 2411 605 2519 adparet,
636 2406 692 2491 ob
712 2431 839 2518 quam
858 2404 1066 2487 rationem
1085 2402 1298 2512 liquorum
1328 2402 1606 2511 quantitatem
1640 2423 1727 2488 tam
1744 2404 1829 2491 dili
1861 2428 1982 2495 enter

411 2520 697 2631 descripserit,
725 2547 748 2601 a
772 2544 854 2631 qua
873 2516 1042 2628 paulum
1062 2511 1255 2597 aberrare
1275 2514 1426 2598 nullius
1452 2512 1543 2600 sere
1563 2514 1810 2603 detrimenti
1828 2432 1983 2621 stridet,

409 2634 513 2721 dum
533 2634 816 2718 violentorum
835 2630 1158 2713 medicaminum
1178 2629 1430 2739 quantitates
1451 2632 1492 2713 in
1512 2632 1676 2718 incerto
1697 2631 1911 2749 relinquit.
1934 2632 1983 2721 st

409 2750 534 2835 liceat
564 2744 744 2831 nostram
775 2743 828 2829 de
868 2740 956 2852 ejus
995 2740 1305 2833 consuetudinis
1333 2741 1451 2827 causa
1480 2740 1727 2830 sententiam
1765 2744 1983 2860 proferre,

410 2864 455 2948 id
475 2860 573 2947 ideo
594 2859 748 2947 sadum
765 2878 980 2972 putarem,
1042 2859 1234 2953 uoniam,
1264 2855 1579 2944 medicamentis
1606 2856 1658 2943 ab
1678 2858 1770 2971 ipsrs
1790 2862 1983 2965 medicis,

411 2978 617 3060 sumentis
632 2998 772 3059 autem
792 2971 858 3057 vel
877 2972 1028 3056 lationi
1059 2997 1106 3054 us
1125 2969 1176 3055 ab
1206 2966 1497 3057 obstetricibus
1514 2999 1625 3084 -prae
1657 2974 1802 3075 aratis,
1831 2973 1984 3063 horum

444 3090 664 3173 uantitates
683 3086 818 3171 multo
838 3083 1036 3170 curiosius
1056 3110 1181 3196 quam
1199 3084 1368 3168 illorum
1387 3000 1694 3172 constituengas
1705 3084 1984 3177 efferebatur:

411 3118 569 3289 pumma
590 3202 716 3286 etiam
736 3198 951 3310 diligentia
971 3224 1078 3309 quae
1099 3197 1151 3281 ad
1169 3195 1299 3282 vidus
1319 3200 1524 3283 rationem
1535 3200 1985 3311 pertinent,eumubi·

413 3344 497 3430 que
519 3318 560 3401 in
581 3315 740 3426 scriptis
760 3312 840 3397 suis
860 3307 1089 3425 exposuisse
1100 3311 1283 3422 reperies
1297 3336 1461 3424 aneque
1480 3317 1605 3398 etiam
1625 3313 1903 3424 improbabile
1912 3314 1987 3419 est,

414 3458 512 3515 eum
532 3429 938 3515 medicamentorum
958 3424 1078 3511 doses
1107 3450 1277 3521 omnes,
1308 3424 1382 3509 nili
1403 3428 1500 3509 artis
1519 3426 1610 3511 filos
1631 3430 1768 3513 celare
1795 3428 1986 3517 voluisse.

470 3544 745 3651 Purgantium
773 3542 942 3627 suorum
970 3540 1100 3625 varias
1130 3540 1304 3623 virtutes
1324 3536 1482 3623 summa
1510 3567 1609 3625 cura
1630 3539 1870 3653 distinguit;
1902 3546 1989 3629 Ve-

414 3674 580 3739 ratrum
607 3657 663 3739 ait
693 3656 839 3741 melius
858 3674 1008 3765 purgat
1020 3678 1153 3767 quam
1172 3653 1389 3763 Pepliam,
1429 3678 1575 3739 verum
1594 3653 1676 3740 hoc
1697 3657 1854 3742 ventris
1873 3654 1991 3746 stati·

415 3767 491 3853 bus
515 3764 699 3851 infestius
729 3767 799 3851 est.
887 3763 1149 3876 fPurgantia
1176 3764 1335 3877 primus
1352 3769 1397 3853 in
1418 3766 1691 3881 Hydragogae,
1729 3767 1991 3885 Cholagoga,

415 3882 497 3967 &c
520 3877 763 3965 distribuisse
793 3881 972 3968 videtur.

471 3992 678 4103 Singulari
698 3994 1007 4082 medicamento
1027 4012 1068 4097 8,
1098 4001 1140 4080 in
1162 3996 1356 4111 Hyde-ope
1375 3995 1473 4081 usus
1486 3995 1677 4096 videtur,
1705 4022 1813 4113 aqua
1831 4022 1991 4115 nempe

416 4134 468 4192 ex
489 4136 570 4219 qua
590 4108 785 4220 Hydrops
805 4110 1029 4210 invaserat,
1050 4139 1098 4194 ea
1115 4110 1350 4223 Hydropem
1379 4112 1476 4221 pelli
1507 4111 1708 4197 adfirmat.

471 4220 491 4275 h
514 4224 718 4320 Menace,
749 4221 819 4307 seu
838 4225 995 4326 parvas,
1024 4252 1112 4309 non
1131 4249 1178 4311 ut
1198 4244 1422 4337 purgantes
1441 4227 1601 4313 mentio
1620 4226 1689 4313 fit:
1718 4246 1895 4314 externe
1915 4256 1995 4343 ap·

412 4334 654 4446 plicabatur.
1855 4344 1993 4455 Opia·

431 4509 658 4611 nsepeliatura
680 4513 851 4601 arusie-bric.
875 4529 919 4589 33.
978 4516 1058 4607 lee
1085 4516 1412 4629 near-laemtaaffea.
1432 4525 1519 4585 ord.
1596 4518 1727 4581 hLiuro
1748 4512 1993 4581 deNrturmu·

412 4594 548 4645 curtas.
569 4590 755 4665 purg-annuns
774 4590 855 4651 liber.
916 4609 936 4669 g
966 4594 1057 4657 Libro
1078 4595 1115 4657 de
1134 4612 1175 4657 nr·
1193 4656 1201 4677 ,
1218 4596 1312 4658 irc-brt.
