4140 5646
117 373 121 379 .
240 283 334 383 ιρι
481 249 781 351 rasura
817 248 1064 379 numo.
1099 243 1593 348 Nuursuaruu

296 455 481 549 Solvitur
509 482 681 577 quoquc
708 458 931 547 Problema
947 455 1199 546 Tabularum
1217 455 1625 570 Logaritbmicaerurn
1641 456 1729 571 ope
1756 464 1803 550 in

239 571 353 660 bunc
379 574 568 661 modtun.
724 660 728 665 ,

296 682 537 799 Multiplica
558 715 583 770 r
605 713 681 799 per
703 710 952 785 numerum,
981 683 1206 795 43429448
1300 682 1385 768 dcc.
1403 685 1430 767 i.
1450 708 1488 768 e.
1506 680 1804 797 Reciprocum

239 798 786 911 LogarithmiHyperbolici
806 799 970 885 numeri
985 827 1048 883 10.
1059 792 1315 883 Produblum
1326 790 1441 881 dabit
1452 794 1625 911 quaefiti
1635 800 1803 887 numeri

240 912 594 1110 Logarithmum,
623 938 752 1027 quem
773 910 963 1027 vulgares
981 910 1171 998 Tabulae
1191 907 1546 993 demonstrabunt.

248 1070 252 1079 =
342 1050 460 1113 caves
479 1023 624 1111 usurae
643 1022 778 1111 ardiae
804 1026 866 1111 rei
904 1026 1161 1110 nummariae
1189 1022 1392 1109 indicium
1421 1020 1537 1105 lunt:
1565 1023 1611 1107 in
1637 1020 1802 1112 civibus

240 1138 439 1227 Romanis
456 1136 539 1222 hoc
559 1138 825 1223 ratiocinium
845 1158 987 1222 tamen
1005 1139 1140 1224 minus
1159 1156 1276 1221 recte
1298 1133 1518 1246 procedit,
1545 1160 1673 1250 quam
1700 1162 1803 1250 pro·

241 1249 414 1337 cederet
434 1249 561 1335 hodie
582 1252 627 1338 in
647 1250 736 1335 aliis
755 1250 951 1365 Europae
969 1248 1150 1336 urbibus.
1200 1244 1371 1333 Etenim

301 1376 357 1448 10.
386 1358 600 1451 Summam
628 1364 782 1449 Romae
809 1361 937 1449 fldem
966 1359 1107 1461 fuille,
1134 1362 1284 1471 ingens
1315 1386 1383 1447 aes
1413 1358 1594 1447 alienum
1623 1359 1803 1451 demon·

240 1469 362 1575 strat,
388 1476 508 1591 quod
534 1473 586 1573 ad
606 1474 807 1560 summam
827 1472 957 1589 usque
985 1474 1335 1586 semi-millionis,
1354 1470 1516 1581 nobiles
1543 1472 1803 1591 quandoque

241 1589 355 1674 uiros
385 1584 656 1685 contraxille‚
684 1590 729 1673 in
757 1589 894 1699 capite
925 1586 978 1669 de
1007 1586 1174 1672 Debitis
1205 1587 1248 1672 δε
1277 1584 1440 1699 Opibus
1469 1584 1671 1703 vidimus,
1700 1588 1803 1676 licet

242 1721 410 1815 practer
435 1703 604 1814 propria
632 1701 806 1799 merita,
843 1697 1043 1813 spemque
1073 1696 1440 1809 adipiscendorum
1469 1697 1703 1800 honorum,
1731 1701 1805 1791 vix

243 1811 474 1929 quidquam
492 1815 536 1898 in
555 1811 728 1898 homine
748 1811 989 1923 adpareret,
1025 1809 1142 1924 quod
1163 1831 1320 1898 tantam
1341 1832 1507 1923 pareret
1533 1812 1745 1901 fiduciam.

301 1940 362 2011 20.
392 1924 505 2011 Cum
523 1923 696 2011 usurarii
713 1945 783 2011 aut
795 1923 1059 2009 nummularii
1067 1922 1232 2009 scelesta
1252 1924 1365 2037 quast
1383 1952 1447 2010 ars
1457 1928 1611 2009 Rornae
1628 1922 1805 2015 habere·

244 2058 337 2138 tur,
365 2037 528 2125 usuram
560 2037 642 2123 hoc
663 2037 804 2122 denuo
824 2034 1084 2145 adgravabat.
1144 2034 1230 2121 Ubi
1249 2038 1362 2121 enim
1383 2063 1447 2120 ars
1477 2056 1548 2123 aut
1567 2058 1806 2129 mercatura

243 2177 520 2269 quaecunque
546 2149 677 2249 clam,
713 2175 852 2264 neque
869 2148 1055 2258 legitime
1083 2168 1326 2247 exercetur,
1354 2146 1411 2232 rbr
1437 2151 1621 2263 1n1quius
1645 2148 1692 2235 δι
1718 2151 1809 2265 san·

245 2266 526 2376 guinolentius
536 2289 601 2349 res
621 2283 790 2373 geratur
808 2258 1020 2345 necessum
1039 2258 1109 2344 est.
1167 2258 1299 2346 Certe
1318 2258 1465 2345 nostris
1493 2260 1806 2367 nummulariis,

244 2374 569 2464 Pawnurouers
596 2372 738 2472 dictis,
767 2374 942 2458 Romani
970 2370 1262 2460 foeneratores
1282 2371 1537 2462 honestiores
1557 2378 1631 2465 uix
1656 2375 1807 2467 viden·

242 2507 324 2575 cur.

306 2606 364 2703 3⁰·
394 2595 513 2687 Fidei
535 2597 704 2687 chartae
724 2599 768 2687 &
787 2604 1029 2691 cautionum
1047 2628 1123 2715 per
1152 2603 1327 2716 pignora
1357 2603 1602 2703 artificium,
1629 2604 1809 2693 Romani

248 2740 302 2800 eo
322 2711 467 2800 saltem
485 2712 643 2825 gradu,
671 2741 760 2829 quo
780 2716 890 2829 apud
911 2742 988 2803 nos
1007 2714 1134 2799 hodie
1156 2718 1323 2825 uigent,
1361 2715 1564 2828 ignoralle
1583 2716 1807 2823 videntur,

248 2824 399 2943 quibus
427 2824 550 2913 rebus
587 2852 654 2913 res
683 2829 913 2915 nummaria
942 2826 1054 2943 quafi
1083 2829 1393 2940 multiplicatur.

306 2954 365 3047 40.
396 2940 592 3024 Ambitus
607 2944 877 3054 praecipuum
896 2942 1049 3027 Romae
1069 2944 1373 3029 commercium
1392 2940 1495 3041 fuit,
1524 2940 1569 3029 &
1589 2946 1806 3033 continuis

249 3054 461 3162 magnisve
472 3049 971 3163 pecuniaesupplcmentis
988 3049 1227 3162 indigebat,
1248 3052 1353 3139 hanc
1373 3054 1500 3166 ipsam
1520 3054 1662 3142 Cicero
1690 3056 1806 3191 ¹gra·

248 3164 309 3247 vis
322 3163 506 3248 foenoris
516 3165 722 3249 rationem
732 3164 1022 3278 reddit‚quod
1032 3163 1265 3274 ideoa4de
1281 3194 1359 3251 roo
1370 3164 1806 3279 ad8crevjllescrrbit.

249 3272 447 3361 Ambitus
467 3303 521 3361 co
540 3272 817 3389 procellerat,
835 3297 882 3362 ut
905 3282 1044 3387 80729
1065 3278 1092 3361 l.
1112 3280 1154 3361 in
1175 3276 1349 3387 lingulas
1358 3278 1540 3378 Tribus,
1568 3302 1638 3366 aut
1648 3284 1693 3368 in
1703 3286 1807 3371 toti·

249 3386 680 3504 demsaltcmquotad
691 3389 946 3477 vincendum
957 3384 1640 3503 requirebantur,pronuntiarent.
1670 3392 1809 3483 Cum·

248 3527 333 3615 que
354 3524 441 3589 non
462 3505 679 3615 pauciores
706 3530 759 3608 35
780 3498 963 3602 suerint,
991 3500 1113 3588 facile
1142 3501 1356 3603 videmus,
1393 3527 1565 3618 quantas
1584 3505 1686 3593 haec
1707 3535 1819 3596 cor··

247 3613 470 3723 rumpendi
489 3616 598 3701 ratio
616 3615 795 3701 summas
826 3612 1094 3712 absumserit,
1123 3612 1239 3723 cujus
1259 3620 1322 3702 rei
1342 3620 1504 3704 exitum
1513 3644 1641 3706 nemo
1658 3618 1811 3737 estqui

248 3726 429 3833 ignoret.
486 3722 610 3811 Haec
629 3729 761 3837 priori
783 3726 923 3841 aliquo
942 3730 1079 3839 capite
1099 3730 1241 3839 paucis
1259 3729 1598 3843 praelibaveram.

287 3933 297 3991 l
317 3931 424 3993 Cicero
438 3930 526 4069 Epist.
541 3929 561 3991 l.
574 3945 603 3991 a.
611 3932 648 3993 ad
662 3932 700 4016 Q.
709 3931 941 4011 Fratremlipllb
965 3948 1008 4009 15.
1048 3934 1166 3998 stimant
1193 3938 1223 3997 in
1250 3938 1477 4015 praerogativam
1510 3942 1813 4017 pronunciare.—

248 4008 380 4097 ambltus
394 4008 456 4069 redi
470 4009 637 4081 tlnmroir,
657 4008 1006 4099 nunquamfultpar,non
1048 4010 1140 4076 Ardet
1151 4014 1274 4075 ambitur
1287 4015 1390 4076 foenus
1404 4032 1440 4077 cx
1454 4016 1570 4085 uleutc·
1588 4018 1687 4085 idibus
1698 4020 1814 4107 Quine-

248 4082 315 4147 duo
337 4086 532 4164 Hyperbolus,
551 4086 598 4148 vel
623 4086 789 4151 Sestertium
809 4088 919 4153 centies
939 4106 1008 4154 con·
1046 4088 1105 4154 rua
1118 4090 1221 4157 fadum
1241 4104 1304 4155 crac
1322 4092 1453 4157 bembus.
1826 4106 1837 4115 ’
