4140 5646
448 233 967 331 MENSURARUM
1011 232 1108 325 ET
1144 235 1567 336 PoNDERttm.
1740 288 1819 365 253

247 449 469 571 nequead
496 450 743 540 commercii
771 447 926 551 usum,
959 446 1033 537 sed
1060 446 1114 537 ad
1152 448 1296 563 fugam
1333 484 1389 543 ex
1415 457 1552 545 Italia
1591 459 1662 548 srbi
1701 492 1819 553 com·

246 568 440 683 paravit,
476 564 648 653 fiforte
676 566 913 652 exercitum
941 565 985 649 in
1014 563 1241 652 Germania
1278 567 1475 658 defeciffe
1504 574 1678 661 audiret.
1762 578 1819 667 Et

245 699 412 768 tantum
430 676 589 779 abfuit,
613 699 661 764 ut
670 696 930 765 mercaturae
940 674 1125 778 faveret,
1150 700 1197 767 ut
1218 707 1311 767 cam
1330 686 1468 795 potius
1489 686 1721 791 adflixerit,
1750 720 1822 779 ur·

245 790 347 881 bem
355 795 579 883 Romanam
588 790 710 878 famis
720 788 911 903 periculo
920 786 1153 902 objecerit,
1177 790 1234 877 ob
1245 794 1477 883 contradas
1495 801 1730 890 innumeras
1741 832 1820 892 un·

243 904 377 1023 dique
395 907 627 1005 onerarias,
663 902 717 991 ad
734 902 1039 1018 perficiendum
1099 905 1286 993 uoddam
1314 910 1460 1021 ingens
1489 914 1627 1025 Bajas
1644 920 1754 1004 inter
1775 920 1820 1005 ἃς

243 1020 491 1136 puteolanus
520 1019 653 1107 moles
680 1043 800 1132 opus
877 1015 1046 1106 Claudii
1062 933 1249 1105 decianis
1287 1042 1451 1135 patrem
1479 1028 1700 1133 Drusum,
1734 1036 1823 1145 pri·

241 1158 367 1223 mum
383 1132 426 1224 se
456 1130 751 1222 tentrionaiem
769 1155 976 1219 oceanum
1001 1128 1232 1243 navigasse,
1257 1146 1274 1190 ²
1296 1132 1540 1239 Suetonius,
1575 1168 1724 1232 verum
1743 1144 1820 1231 fal.

241 1242 316 1349 so,
345 1266 409 1333 tra
441 1245 543 1345 'dit,
578 1268 763 1362 namque
789 1265 888 1334 ante
916 1268 1016 1333 cum
1040 1243 1127 1357 jam
1154 1241 1206 1331 ab
1235 1245 1417 1445 Anffnste
1445 1276 1571 1340 naves
1600 1282 1655 1341 eo
1684 1255 1818 1343 miffar

243 1383 303 1449 ex
329 1359 477 1447 Plinio
503 1358 524 1418 b
550 1356 762 1449 discimus.
826 1356 1054 1446 Praeterea
1081 1356 1274 1471 Vettejas
1340 1367 1556 1450 atercalas
1573 1365 1717 1455 audior
1735 1368 1821 1471 est,

241 1470 391 1585 Drast
409 1470 539 1562 fratre
568 1469 734 1561 Tiberia
771 1472 1020 1559 Germaniae
1055 1472 1327 1585 imperante,
1372 1473 1540 1564 classem
1569 1481 1709 1565 Albim
1745 1482 1819 1567 ad-

242 1583 469 1687 icendiffe,
500 1585 545 1674 δι
564 1586 669 1675 varii
687 1588 853 1697 generis
870 1581 1081 1674 mercibus
1100 1606 1315 1673 oneratam
1334 1586 1511 1675 rediiffe.
1561 1590 1821 1710 Hicqueilie

243 1702 425 1836 praepes
450 1698 533 1803 est,
570 1702 646 1817 qui
664 1700 783 1808 Foffla
812 1697 1034 1809 Drastana
1063 1696 1188 1791 duda
1223 1697 1415 1788 Rhenum
1442 1728 1542 1791 cum
1568 1702 1687 1817 Isala
1715 1734 1821 1796 con·

261 1832 398 1905 unrnt.

239 1839 260 1928 J
301 1928 576 2016 Britanniam
630 1926 818 2016 roximus
847 1956 871 2013 a
899 1925 1023 2039 Jalie
1053 1926 1230 2039 Caesare
1271 1923 1472 2019 Claudias
1497 1930 1727 2047 imperator
1755 1936 1821 2023 in·

240 2041 373 2141 vafits
402 2040 491 2155 ejus
509 1952 675 2130 claddm
693 2042 974 2155 magnificavit
994 2038 1182 2128 senecae
1207 2044 1448 2155 tragoedus.
1505 2044 1616 2133 Eum
1637 2046 1691 2132 de
1712 2048 1821 2135 Bri-

241 2155 394 2247 tannia
410 2153 911 2269 triumphantem,scribit
933 2155 1300 2267 Plinius,ingenti
1322 2160 1419 2244 navi
1440 2158 1709 2245 Adriaticum
1727 2187 1817 2247 ma·

241 2268 534 2361 reintraviffe.
600 2268 857 2355 Britanniae
883 2287 1049 2381 partem
1074 2293 1174 2356 cum
1201 2266 1343 2355 insulis
1370 2270 1601 2357 orcadibus
1629 2270 1822 2373 domuit,

236 2383 570 2499 Britanniciqae
587 2401 922 2496 cognomentum
930 2380 1019 2469 filio
1037 2381 1221 2579 relitkuit.
1259 2379 1353 2495 Ipso
1362 2384 1596 2499 imperante
1607 2382 1817 2498 Vespafia-

240 2525 325 2586 aas
340 2497 508 2587 Vetiem
524 2493 699 2583 insulam
725 2497 773 2582 in
798 2492 1063 2583 deditionem
1079 2521 1126 2581 re
1158 2495 1261 2607 egit.
1347 2492 1717 2585 commerciorum
1742 2524 1819 2585 cu·-

206 2657 209 2663 ·
240 2635 334 2703 ram
350 2607 462 2700 adeo
478 2605 655 2697 sollicite
672 2610 787 2722 egit,
822 2627 872 2695 ut
890 2609 1034 2694 omnia
1052 2606 1226 2708 damna,
1253 2608 1298 2693 in
1325 2634 1434 2723 quae
1452 2633 1712 2699 commeatus
1731 2611 1820 2697 Ro·

242 2733 349 2815 mant
374 2720 554 2812 hiberno
582 2742 776 2836 tempore
803 2718 1059 2809 advehentes
1086 2739 1344 2809 mercatores
1372 2720 1643 2824 incidiiient,
1685 2722 1818 2811 resar-

242 2836 393 2929 cienda
411 2837 457 2925 in
483 2833 528 2923 se
555 2836 778 2950 reciperet.
837 2832 974 2945 Ostiae
987 2854 1159 2945 portum
1178 2832 1435 2920 &extendit
1455 2834 1498 2922 dc
1518 2834 1683 2923 refecit,
1738 2836 1818 2923 ΛΙ-

241 2949 630 3051 ammanitarum,
657 2950 702 3035 in
722 2947 965 3061 exemplum
984 2944 1302 3033 Alexandrinae
1321 2944 1491 3047 Phari,
1514 2969 1564 3034 ut
1573 2948 1627 3036 ad
1644 2945 1817 3037 nodut-

240 3089 323 3157 nos
348 3068 468 3179 ignes
494 3064 590 3153 navi
623 3065 659 3147 'a
687 3060 856 3148 cursum
885 3058 1140 3172 dirigerent,
1170 3059 1382 3148 demersae
1411 3081 1666 3149 memoratae
1693 3059 1817 3175 supra

241 3177 564 3293 Caligulaenavi
596 3171 926 3371 uperimXosuit,
953 3200 1061 3288 quae
1071 3199 1127 3261 ex
1135 3168 1256 3290 AEgy
1282 3192 1325 3260 to
1335 3170 1566 3262 obeliscum
1575 3174 1818 3263 advexerat.

240 3288 419 3381 Claudia
444 3307 669 3399 regnante,
706 3288 749 3371 R
778 3314 849 3373 ena
877 3286 1065 3395 Mostrm,
1100 3287 1230 3401 depre
1262 3314 1291 3373 o
1310 3313 1387 3400 per
1406 3287 1557 3399 viginti
1574 3288 1817 3374 milliarium

238 3403 421 3519 spatium
438 3400 583 3500 alveo,
620 3398 794 3491 Corbulo
813 3396 1044 3509 conjunxit.
1109 3398 1181 3486 De
1199 3400 1305 3486 mari
1322 3425 1535 3516 nunquam
1555 3399 1674 3485 Nera
1695 3402 1815 3515 cogi-

241 3520 375 3616 ravit,
401 3512 477 3601 nist
503 3534 551 3601 ut
580 3537 635 3601 eo
673 3506 897 3627 desperatis
936 3509 1161 3627 aliquando
1197 3508 1322 3599 rebus
1358 3511 1404 3599 in
1441 3508 1676 3627 AEgyptam
1744 3539 1817 3599 ro·

241 3629 423 3743 fugeret.
538 3622 627 3714 Sub
653 3622 743 3737 ejus
771 3625 951 3740 imperio
986 3622 1136 3735 jugum
1164 3624 1397 3711 Britannia
1424 3650 1533 3737 pene
1569 3650 1678 3713 excu
1710 3646 1819 3712 erat.

241 3742 430 3832 Neronis
464 3738 666 3828 invidiam
701 3741 854 3827 timens
893 3737 1107 3851 Antistius
1140 3740 1310 3839 Vetas,
1364 3765 1444 3854 pto
1475 3735 1627 3825 ofitum
1672 3737 1817 3824 Rheni·

242 3879 343 3946 cum
382 3856 565 3963 Mosella.
598 3850 894 3942 committendi
923 3850 1140 3962 consilium
1167 3850 1332 3965 abjecit.
1482 3852 1581 3963 egni
1610 3848 1817 3939 succeffo-

242 3994 334 4069 scs,
362 3966 522 4065 Galba,
552 3964 690 4067 Otho,
717 3966 1008 4071 &Vitelliam
1033 3965 1105 4053 vix
1125 3968 1326 4080 temporis
1334 3962 1394 4052 sat
1412 3964 1464 4050 ad
1481 3962 1819 4051 confirmandum

241 4073 1241 4303 trutttbt‘tttnimmimmii}
1254 4077 1717 4305 tmtzttlittt
1735 4076 1818 4305 ,ii

1536 4247 1553 4291 ‚
1622 4246 1627 4255 .
1794 4236 1817 4256 .

243 4190 444 4419 ciddddrm
457 4303 706 4394 faciendum
730 4308 933 4421 putauit,
976 4326 1027 4393 ut
1055 4300 1386 4404 Alexandriam,
1421 4302 1580 4390 Romae·
1603 4305 1818 4502 nutriceg

280 4542 473 4614 emeterio
486 4546 517 4609 iu
531 4552 665 4623 Claudio
740 4517 1035 4629 amimuelim
1050 4566 1113 4725 of·
1173 4559 1534 4631 astronomum
1554 4575 1583 4624 r.

1097 4666 1163 4743 ¹3
