4140 5646
241 276 321 363 nt
443 194 1584 383 ranunninuernnursunnuu

238 481 343 569 locis
354 482 507 571 veteris
517 476 1052 578 Testamemt,Atticorm
1061 476 1190 591 dupla
1197 472 1728 591 ,inlotis-Aptcryphrrrrn
1741 502 1826 565 re·

240 622 292 684 ro
310 595 478 683 Atticis
504 593 672 679 talentis
700 592 890 709 aequalia
906 590 1091 681 adhibui.
1431 636 1434 641 ·
1548 598 1551 603 '

322 1070 1523 1275 ,”cneunxmn

639 1344 746 1475 De
765 1342 993 1517 'Usuris
1032 1344 1419 1545 Nemmariir.

96 1678 105 1688 -
250 1630 460 1911 Quum
479 1636 593 1721 tanta
610 1618 673 1703 rei
692 1618 947 1703 nummariae
958 1620 1080 1730 copia
1091 1618 1244 1701 Romae
1263 1612 1390 1717 ¹fuerit
1420 1610 1465 1701 ἃ
1495 1614 1709 1713 Athenis,
1730 1642 1827 1706 me·

386 1735 470 1819 rito
489 1732 726 1845 quaeritur,
753 1730 866 1813 unde
884 1729 1058 1816 acerbae
1086 1730 1180 1815 illae
1208 1726 1354 1813 usurae
1383 1728 1686 1839 provenerint?

384 1844 611 1931 Usurarum
630 1842 741 1955 apud
762 1863 928 1951 veteres
949 1841 1181 1929 dodrinam
1192 1841 1391 1925 curiosius
1401 1838 1639 1941 excuffaun,
1664 1844 1736 1929 vix
1754 1864 1826 1929 to-

247 1972 296 2041 to
314 1950 398 2043 hoc
417 1954 528 2043 libro
546 1952 940 2067 comprehenderes.
998 1950 1150 2065 Capia't
1179 1953 1252 2039 fibi
1280 1950 1412 2039 ledor
1442 1951 1822 2087 sequentia,·quae

246 2066 389 2157 nostro
408 2068 622 2183 proposito
641 2066 808 2155 abunde
825 2066 1093 2155 satisfaciunt.
1151 2064 1326 2153 Usuratn
1346 2066 1637 2178 antiquissimis
1653 2090 1825 2183 tempo-

245 2182 361 2269 ribus
371 2186 525 2295 foenus
541 2182 710 2280 dixere,
737 2202 786 2269 ut
804 2180 977 2297 quidam
993 2182 1143 2269 volunt
1162 2186 1332 2279 ananie,
1351 2182 1540 2291 pretium
1575 2180 1822 2295 velpoenaa

246 2296 361 2381 idem
382 2298 449 2383 alii
469 2326 491 2381 a
511 2293 642 2381 verbo
662 2294 855 2381 obsoleto
874 2298 948 2405 feo
967 2294 1183 2392 derivant,
1209 2290 1324 2379 unde
1332 2296 1482 2403 fietus
1510 2292 1554 2381 δι
1575 2293 1822 2407 foecundari

247 2406 419 2515 Ustirae
438 2434 614 2505 vocem,
641 2434 749 2519 quae
767 2409 831 2493 rei
845 2406 965 2491 usum
982 2408 1025 2491 in
1044 2432 1200 2517 genere
1219 2402 1470 2505 denotabat,
1500 2406 1673 2513 (Plaut.
1693 2408 1821 2492 Ptol.

247 2518 464 2631 Amphitr.
484 2516 671 2629 Usuram
689 2522 873 2635 corporis
891 2518 983 2633 ejus
1009 2521 1122 2634 capit
1130 2517 1232 2628 fibi)
1259 2520 1322 2607 rei
1348 2520 1605 2606 nummariae
1632 2518 1822 2633 postmo-

246 2628 350 2717 durn
381 2636 426 2719 in
454 2632 591 2745 specie
621 2630 927 2745 adplicuerunt.
993 2700 1000 2715 ,

303 2744 439 2833 Usura
473 2746 713 2859 pecuniaria
748 2746 844 2858 lege
873 2742 1093 2833 vetabatur
1120 2742 1231 2859 apud
1262 2740 1474 2853 Judaeos,
1503 2771 1638 2861 aeque
1665 2776 1720 2835 ac
1745 2774 1819 2835 an·

248 2860 364 2974 tiqua
382 2862 499 2971 lege,
530 2860 741 2945 Geruntia
760 2875 777 2917 ³
798 2858 930 2959 diua,
959 2860 1070 2973 apud
1089 2862 1304 2945 Romanos.
1388 2858 1459 2945 Ab
1489 2862 1644 2945 exteris
1675 2882 1823 2949 tamen

246 2974 412 3059 usuram
431 2975 603 3081 exigere
621 2974 761 3059 neutri
789 2972 1051 3059 vetabantur.
1135 2972 1367 3061 Enimvero
1395 2974 1596 3085 temporis
1624 2972 1821 3083 processu

247 3082 320 3169 lex
337 3108 409 3173 aut
427 3084 580 3171 abolita
598 3082 680 3184 est,
705 3105 776 3170 aut
796 3106 1064 3197 contempta,
1092 3108 1140 3173 ur
1158 3088 1208 3172 iis
1227 3083 1419 3169 omnibus
1440 3086 1530 3171 fere
1540 3085 1733 3171 accidere
1751 3086 1825 3175 su·

247 3194 331 3297 let,
359 3195 510 3311 quibus
529 3200 732 3310 pecuniae
752 3197 845 3284 usus
865 3222 1013 3285 contra
1025 3198 1255 3284 naturalem
1275 3196 1392 3283 suurn
1415 3198 1580 3285 cursum
1600 3198 1823 3285 limitatur.

248 3307 407 3399 Usurae
429 3312 473 3399 δε
491 3312 645 3397 Romae
664 3310 708 3397 δι
729 3312 771 3397 in
789 3312 973 3423 ,Graecia
992 3338 1068 3425 per
1087 3312 1262 3423 longum
1294 3312 1495 3421 temporis
1525 3310 1709 3397 tranum.
1722 3338 1821 3423 gra·

248 3424 434 3512 viffimae
452 3422 602 3513 dudae
620 3422 727 3511 sunt.
754 3424 995 3537 Simplicem
1014 3424 1325 3539 utriusqueloci
1348 3422 1633 3509 foeneratores
1643 3427 1685 3511 in
1698 3450 1817 3511 men-

248 3536 336 3624 sem
365 3540 596 3639 duxerunt,
627 3536 679 3623 ad
709 3538 915 3627 rationem
943 3540 1107 3625 nummi
1135 3541 1256 3623 unius
1284 3534 1337 3619 de
1366 3560 1561 3635 centum,
1588 3536 1632 3621 &
1662 3539 1827 3623 Graeci

249 3652 424 3759 quidem
443 3650 696 3750 Nevittae,
724 3654 899 3737 Romani
920 3652 1137 3750 Calendis,
1164 3651 1277 3743 unde
1297 3650 1316 3705 b
1335 3650 1634 3735 Kalendarum
1650 3680 1826 3737 exerce·-

250 3786 300 3845 ra
317 3760 432 3847 idem
451 3762 568 3873 quod
588 3766 739 3870 foenus
759 3791 963 3849 exercere.
1040 3762 1159 3849 Hinc
1191 3764 1301 3873 apud
1336 3745 1669 3875 Aristophanem,
1699 3764 1828 3849 Stre--

240 3872 406 3987 pfiades
423 3898 519 3957 aere
539 3872 676 3959 alieno
694 3872 867 3961 obrutus
878 3936 890 3974 ,
901 3877 1112 3963 metuebat
1128 3874 1260 3975 ‘inuitaui
1275 3874 1363 3955 viai.
1418 3874 1541 3963 Ditia
1558 3898 1700 3961 autern
1711 3876 1823 3965 baec

250 3988 371 4075 usura
395 3984 642 4095 Centefimae,
677 4016 701 4071 a
729 3986 921 4073 drachma
949 3990 1181 4099 centesima,
1218 4017 1325 4105 quae
1354 3990 1409 4075 de
1438 3993 1549 4073 mina
1578 3994 1821 4077 centenaria

249 4098 536 4213 pendebatur,
559 4098 605 4185 id
623 4102 741 4214 quod
757 4105 882 4215 paulo
901 4106 993 4215 plus
1018 4108 1199 4189 nummis
1223 4134 1274 4187 12
1294 4100 1348 4187 de
1369 4130 1444 4187 100
1470 4106 1513 4189 in
1537 4130 1692 4189 annum
1720 4104 1824 4191 effi·

250 4216 334 4312 cit,
362 4213 562 4325 quoniam
590 4212 792 4301 mensium
819 4218 1024 4301 lunarium
1052 4218 1243 4303 crebrior
1269 4216 1428 4303 reditus
1457 4244 1582 4331 qnam
1607 4216 1818 4303 solarium.

251 4328 490 4415 Uenerium
508 4352 679 4441 quoque
698 4327 752 4414 de
771 4334 957 4415 centenis
972 4330 1229 4445 pensitabant
1259 4329 1457 4432 Romani,
1488 4356 1670 4447 eumque
1698 4356 1820 4415 rnen-

256 4464 259 4469 Ι
583 4484 588 4493 “
892 4492 896 4499 “
1479 4468 1489 4475 '¹
1637 4442 1832 4553 strum..

294 4593 312 4637 ι
327 4572 439 4638 nuum
451 4568 473 4633 Ι.
485 4582 533 4647 35.
547 4586 573 4633 c.
589 4580 617 4646 τ.
728 4572 751 4635 b
766 4570 880 4638 Seneca
892 4570 930 4639 de
943 4570 1095 4637 beneficiis
1108 4572 1132 4635 1.
1145 4588 1177 4647 z.
