<?xml version="1.0" encoding="UTF-8"?>
<!DOCTYPE html PUBLIC "-//W3C//DTD XHTML 1.0 Transitional//EN"
    "http://www.w3.org/TR/xhtml1/DTD/xhtml1-transitional.dtd">
<html xmlns="http://www.w3.org/1999/xhtml" xml:lang="en" lang="en">
 <head>
  <title>
</title>
<meta http-equiv="Content-Type" content="text/html;charset=utf-8" />
  <meta name='ocr-system' content='tesseract 3.04.00' />
  <meta name='ocr-capabilities' content='ocr_page ocr_carea ocr_par ocr_line ocrx_word'/>
</head>
<body>
  <div class='ocr_page' id='page_1' title='image "./caroliarbuthnot00arbugoog_0069.png"; bbox 0 0 4140 5646; ppageno 0'>
   <div class='ocr_carea' id='block_1_1' title="bbox 391 302 1742 431">
    <p class='ocr_par' dir='ltr' id='par_1_1' title="bbox 391 302 1742 431">
     <span class='ocr_line' id='line_1_1' title="bbox 391 302 1742 431; baseline -0.01 -27"><span class='ocrx_word' id='word_1_1' title='bbox 391 325 449 431; x_wconf 73' lang='lat'><em>46</em></span> <span class='ocrx_word' id='word_1_2' title='bbox 620 310 933 408; x_wconf 78' lang='lat' dir='ltr'>TABULAE</span> <span class='ocrx_word' id='word_1_3' title='bbox 964 304 1204 423; x_wconf 85' lang='lat' dir='ltr'><strong>ANTIQ.</strong></span> <span class='ocrx_word' id='word_1_4' title='bbox 1232 302 1742 396; x_wconf 86' lang='lat' dir='ltr'><strong>NUMlSMATUM</strong></span> 
     </span>
    </p>
   </div>
   <div class='ocr_carea' id='block_1_2' title="bbox 392 516 1974 638">
    <p class='ocr_par' dir='ltr' id='par_1_2' title="bbox 392 516 1974 638">
     <span class='ocr_line' id='line_1_2' title="bbox 392 516 1974 638; baseline -0.005 -21"><span class='ocrx_word' id='word_1_5' title='bbox 392 526 553 617; x_wconf 90' lang='lat' dir='ltr'><em>sensum</em></span> <span class='ocrx_word' id='word_1_6' title='bbox 575 545 765 638; x_wconf 83' lang='lat' dir='ltr'><em>apertum</em></span> <span class='ocrx_word' id='word_1_7' title='bbox 786 524 1012 612; x_wconf 85' lang='lat' dir='ltr'><em>verborum</em></span> <span class='ocrx_word' id='word_1_8' title='bbox 1030 522 1221 618; x_wconf 87' lang='lat' dir='ltr'><em>suorum,</em></span> <span class='ocrx_word' id='word_1_9' title='bbox 1251 523 1308 605; x_wconf 81' lang='lat' dir='ltr'><em>ita</em></span> <span class='ocrx_word' id='word_1_10' title='bbox 1327 519 1389 603; x_wconf 91' lang='lat' dir='ltr'><em>uti</em></span> <span class='ocrx_word' id='word_1_11' title='bbox 1409 521 1518 630; x_wconf 92' lang='lat' dir='ltr'><em>typis</em></span> <span class='ocrx_word' id='word_1_12' title='bbox 1538 516 1745 631; x_wconf 82' lang='lat' dir='ltr'><em>descripta</em></span> <span class='ocrx_word' id='word_1_13' title='bbox 1760 517 1974 632; x_wconf 78' lang='lat' dir='ltr'><em>prostant,</em></span> 
     </span>
    </p>
   </div>
   <div class='ocr_carea' id='block_1_3' title="bbox 391 637 1640 858">
    <p class='ocr_par' dir='ltr' id='par_1_3' title="bbox 391 637 1640 858">
     <span class='ocr_line' id='line_1_3' title="bbox 391 637 851 753; baseline -0.011 -26"><span class='ocrx_word' id='word_1_14' title='bbox 391 643 691 753; x_wconf 82' lang='lat' dir='ltr'><em>interpretatus</em></span> <span class='ocrx_word' id='word_1_15' title='bbox 713 637 851 724; x_wconf 82' lang='lat' dir='ltr'><em>suem.</em></span> 
     </span>
     <span class='ocr_line' id='line_1_4' title="bbox 446 743 1640 858; baseline -0.007 -21"><span class='ocrx_word' id='word_1_16' title='bbox 446 752 616 841; x_wconf 87' lang='lat' dir='ltr'><em>Minam</em></span> <span class='ocrx_word' id='word_1_17' title='bbox 639 751 868 837; x_wconf 84' lang='lat' dir='ltr'><em>Rhemnius</em></span> <span class='ocrx_word' id='word_1_18' title='bbox 887 751 1076 836; x_wconf 82' lang='lat' dir='ltr'><em>Fannius</em></span> <span class='ocrx_word' id='word_1_19' title='bbox 1094 744 1157 832; x_wconf 86' lang='lat' dir='ltr'><em>his</em></span> <span class='ocrx_word' id='word_1_20' title='bbox 1177 744 1385 832; x_wconf 83' lang='lat' dir='ltr'><em>vericulis</em></span> <span class='ocrx_word' id='word_1_21' title='bbox 1398 743 1640 858; x_wconf 79' lang='lat' dir='ltr'><em>descripsit.</em></span> 
     </span>
    </p>
   </div>
   <div class='ocr_carea' id='block_1_4' title="bbox 423 972 1792 1543">
    <p class='ocr_par' dir='ltr' id='par_1_4' title="bbox 423 972 1792 1543">
     <span class='ocr_line' id='line_1_5' title="bbox 543 972 1556 1096; baseline -0.011 -31"><span class='ocrx_word' id='word_1_22' title='bbox 543 982 698 1096; x_wconf 83' lang='lat' dir='ltr'><em>Accipe</em></span> <span class='ocrx_word' id='word_1_23' title='bbox 707 996 935 1094; x_wconf 85' lang='lat' dir='ltr'><em>praetereo</em></span> <span class='ocrx_word' id='word_1_24' title='bbox 951 997 1085 1096; x_wconf 86' lang='lat' dir='ltr'><em>parve</em></span> <span class='ocrx_word' id='word_1_25' title='bbox 1112 1002 1233 1086; x_wconf 81' lang='lat' dir='ltr'><em>quarn</em></span> <span class='ocrx_word' id='word_1_26' title='bbox 1251 974 1408 1057; x_wconf 84' lang='lat' dir='ltr'><em>nemine</em></span> <span class='ocrx_word' id='word_1_27' title='bbox 1428 972 1556 1084; x_wconf 74' lang='lat' dir='ltr'><em>Graji</em></span> 
     </span>
     <span class='ocr_line' id='line_1_6' title="bbox 423 1085 1679 1200; baseline -0.006 -22"><span class='ocrx_word' id='word_1_28' title='bbox 423 1086 427 1094; x_wconf 67' lang='grc'><strong>’</strong></span> <span class='ocrx_word' id='word_1_29' title='bbox 542 1095 692 1177; x_wconf 81' lang='lat' dir='ltr'><em>Meam</em></span> <span class='ocrx_word' id='word_1_30' title='bbox 721 1100 906 1188; x_wconf 79' lang='lat' dir='ltr'><em>verint,</em></span> <span class='ocrx_word' id='word_1_31' title='bbox 936 1090 1138 1200; x_wconf 80' lang='lat' dir='ltr'><em>nostrique</em></span> <span class='ocrx_word' id='word_1_32' title='bbox 1156 1089 1320 1170; x_wconf 86' lang='lat' dir='ltr'><em>Minam</em></span> <span class='ocrx_word' id='word_1_33' title='bbox 1340 1085 1679 1196; x_wconf 81' lang='lat' dir='ltr'><em>dixereprieres.</em></span> 
     </span>
     <span class='ocr_line' id='line_1_7' title="bbox 544 1196 1792 1311; baseline -0.01 -17"><span class='ocrx_word' id='word_1_34' title='bbox 544 1209 717 1294; x_wconf 81' lang='lat' dir='ltr'><em>Centum</em></span> <span class='ocrx_word' id='word_1_35' title='bbox 737 1206 813 1288; x_wconf 86' lang='lat' dir='ltr'><em>hae</em></span> <span class='ocrx_word' id='word_1_36' title='bbox 824 1209 929 1311; x_wconf 76' lang='lat' dir='ltr'><em>ferret</em></span> <span class='ocrx_word' id='word_1_37' title='bbox 948 1201 1213 1295; x_wconf 57' lang='lat' dir='ltr'><em>‘Drachmaee</em></span> <span class='ocrx_word' id='word_1_38' title='bbox 1246 1199 1354 1311; x_wconf 77' lang='lat' dir='ltr'><em>qood</em></span> <span class='ocrx_word' id='word_1_39' title='bbox 1358 1196 1406 1305; x_wconf 85' lang='lat' dir='ltr'><em>st</em></span> <span class='ocrx_word' id='word_1_40' title='bbox 1417 1198 1670 1311; x_wconf 76' lang='lat' dir='ltr'><em>decerpseris</em></span> <span class='ocrx_word' id='word_1_41' title='bbox 1699 1198 1792 1282; x_wconf 84' lang='lat' dir='ltr'><em>illis</em></span> 
     </span>
     <span class='ocr_line' id='line_1_8' title="bbox 543 1310 1670 1518; baseline -0.007 -116"><span class='ocrx_word' id='word_1_42' title='bbox 543 1318 759 1518; x_wconf 43' lang='lat' dir='ltr'><em>gratior,</em></span> <span class='ocrx_word' id='word_1_43' title='bbox 788 1314 935 1425; x_wconf 87' lang='lat' dir='ltr'><em>efficies</em></span> <span class='ocrx_word' id='word_1_44' title='bbox 955 1315 1058 1397; x_wconf 83' lang='lat' dir='ltr'><em>hanc</em></span> <span class='ocrx_word' id='word_1_45' title='bbox 1078 1313 1249 1421; x_wconf 75' lang='lat' dir='ltr'><em>nostrane</em></span> <span class='ocrx_word' id='word_1_46' title='bbox 1270 1313 1445 1424; x_wconf 79' lang='lat' dir='ltr'><em>dereiqrre</em></span> <span class='ocrx_word' id='word_1_47' title='bbox 1471 1310 1670 1408; x_wconf 82' lang='lat' dir='ltr'><em>Libram,</em></span> 
     </span>
     <span class='ocr_line' id='line_1_9' title="bbox 590 1423 1719 1543; baseline -0.005 -30"><span class='ocrx_word' id='word_1_48' title='bbox 590 1433 698 1515; x_wconf 87' lang='lat' dir='ltr'><em>ttica</em></span> <span class='ocrx_word' id='word_1_49' title='bbox 716 1428 932 1543; x_wconf 77' lang='lat' dir='ltr'><em>quaefiet‚</em></span> <span class='ocrx_word' id='word_1_50' title='bbox 960 1427 998 1532; x_wconf 74' lang='lat' dir='ltr'><em>fi</em></span> <span class='ocrx_word' id='word_1_51' title='bbox 1011 1445 1205 1540; x_wconf 83' lang='lat' dir='ltr'><em>quartam</em></span> <span class='ocrx_word' id='word_1_52' title='bbox 1223 1423 1446 1539; x_wconf 84' lang='lat' dir='ltr'><em>dempseris</em></span> <span class='ocrx_word' id='word_1_53' title='bbox 1464 1424 1582 1521; x_wconf 85' lang='lat' dir='ltr'><em>hine,</em></span> <span class='ocrx_word' id='word_1_54' title='bbox 1598 1426 1719 1507; x_wconf 80' lang='lat' dir='ltr'><em>Mna.</em></span> 
     </span>
    </p>
   </div>
   <div class='ocr_carea' id='block_1_5' title="bbox 385 1648 1974 3579">
    <p class='ocr_par' dir='ltr' id='par_1_5' title="bbox 387 1648 1974 2330">
     <span class='ocr_line' id='line_1_10' title="bbox 452 1648 1970 1769; baseline 0 -28"><span class='ocrx_word' id='word_1_55' title='bbox 452 1658 676 1769; x_wconf 84' lang='lat' dir='ltr'><em>Cleopatra</em></span> <span class='ocrx_word' id='word_1_56' title='bbox 695 1682 784 1768; x_wconf 84' lang='lat' dir='ltr'><em>cap.</em></span> <span class='ocrx_word' id='word_1_57' title='bbox 797 1686 835 1761; x_wconf 89' lang='lat'><em>7.</em></span> <span class='ocrx_word' id='word_1_58' title='bbox 856 1676 976 1740; x_wconf 81' lang='lat' dir='ltr'><em>antea</em></span> <span class='ocrx_word' id='word_1_59' title='bbox 995 1651 1262 1765; x_wconf 82' lang='lat' dir='ltr'><em>allegato,de</em></span> <span class='ocrx_word' id='word_1_60' title='bbox 1281 1651 1439 1763; x_wconf 75' lang='lat' dir='ltr'><em>duplici</em></span> <span class='ocrx_word' id='word_1_61' title='bbox 1457 1651 1583 1735; x_wconf 78' lang='lat' dir='ltr'><em>Mira</em></span> <span class='ocrx_word' id='word_1_62' title='bbox 1601 1650 1727 1735; x_wconf 80' lang='lat' dir='ltr'><em>verba</em></span> <span class='ocrx_word' id='word_1_63' title='bbox 1746 1648 1970 1752; x_wconf 52' lang='lat' dir='ltr'><em>facium·-</em></span> 
     </span>
     <span class='ocr_line' id='line_1_11' title="bbox 390 1762 1970 1880; baseline -0.002 -28"><span class='ocrx_word' id='word_1_64' title='bbox 390 1770 528 1878; x_wconf 84' lang='lat' dir='ltr'><em>jorem</em></span> <span class='ocrx_word' id='word_1_65' title='bbox 553 1770 756 1855; x_wconf 52' lang='lat' dir='ltr'><em>16&lt;unciis</em></span> <span class='ocrx_word' id='word_1_66' title='bbox 776 1771 1017 1880; x_wconf 84' lang='lat' dir='ltr'>componit,</span> <span class='ocrx_word' id='word_1_67' title='bbox 1046 1767 1145 1851; x_wconf 86' lang='lat' dir='ltr'><em>dein</em></span> <span class='ocrx_word' id='word_1_68' title='bbox 1172 1765 1310 1862; x_wconf 84' lang='lat' dir='ltr'>addit,</span> <span class='ocrx_word' id='word_1_69' title='bbox 1344 1767 1469 1848; x_wconf 79' lang='lat' dir='ltr'><em>Mina</em></span> <span class='ocrx_word' id='word_1_70' title='bbox 1488 1764 1641 1848; x_wconf 83' lang='lat' dir='ltr'><em>Attica</em></span> <span class='ocrx_word' id='word_1_71' title='bbox 1660 1762 1884 1876; x_wconf 62' lang='lat' dir='ltr'><em>habethij.</em></span> <span class='ocrx_word' id='word_1_72' title='bbox 1894 1773 1970 1875; x_wconf 77' lang='lat' dir='ltr'><em>fi·-</em></span> 
     </span>
     <span class='ocr_line' id='line_1_12' title="bbox 387 1875 1969 2079; baseline -0.001 -117"><span class='ocrx_word' id='word_1_73' title='bbox 387 1883 496 1978; x_wconf 78' lang='lat' dir='ltr'><em>mis,</em></span> <span class='ocrx_word' id='word_1_74' title='bbox 527 1883 553 1965; x_wconf 91' lang='lat' dir='ltr'><em>i.</em></span> <span class='ocrx_word' id='word_1_75' title='bbox 574 1911 611 1966; x_wconf 89' lang='lat' dir='ltr'><em>e.</em></span> <span class='ocrx_word' id='word_1_76' title='bbox 632 1881 757 1968; x_wconf 81' lang='lat' dir='ltr'><em>habet</em></span> <span class='ocrx_word' id='word_1_77' title='bbox 776 1884 917 1967; x_wconf 86' lang='lat' dir='ltr'><em>uncias</em></span> <span class='ocrx_word' id='word_1_78' title='bbox 944 1896 1031 1979; x_wconf 64' lang='lat'><em>122,</em></span> <span class='ocrx_word' id='word_1_79' title='bbox 1062 1905 1163 1993; x_wconf 84' lang='lat' dir='ltr'><em>quas</em></span> <span class='ocrx_word' id='word_1_80' title='bbox 1184 1881 1391 1963; x_wconf 84' lang='lat' dir='ltr'><em>Romanas</em></span> <span class='ocrx_word' id='word_1_81' title='bbox 1412 1875 1590 1975; x_wconf 88' lang='lat' dir='ltr'><em>Uncias,</em></span> <span class='ocrx_word' id='word_1_82' title='bbox 1620 1898 1666 1960; x_wconf 94' lang='lat' dir='ltr'><em>ut</em></span> <span class='ocrx_word' id='word_1_83' title='bbox 1677 1879 1862 1989; x_wconf 85' lang='lat' dir='ltr'><em>priores,</em></span> <span class='ocrx_word' id='word_1_84' title='bbox 1880 1906 1969 2079; x_wconf 56' lang='lat' dir='ltr'><em>plu·</em></span> 
     </span>
     <span class='ocr_line' id='line_1_13' title="bbox 394 1990 1970 2105; baseline 0.003 -29"><span class='ocrx_word' id='word_1_85' title='bbox 394 1997 582 2080; x_wconf 83' lang='lat' dir='ltr'><em>caverim.</em></span> <span class='ocrx_word' id='word_1_86' title='bbox 642 1994 800 2080; x_wconf 87' lang='lat' dir='ltr'>Rursus</span> <span class='ocrx_word' id='word_1_87' title='bbox 832 1998 876 2081; x_wconf 84' lang='grc' dir='ltr'><em>8Ο</em></span> <span class='ocrx_word' id='word_1_88' title='bbox 906 1997 1042 2105; x_wconf 85' lang='lat' dir='ltr'><em>capite</em></span> <span class='ocrx_word' id='word_1_89' title='bbox 1062 1992 1226 2078; x_wconf 76' lang='lat' dir='ltr'><em>blinam</em></span> <span class='ocrx_word' id='word_1_90' title='bbox 1245 1993 1436 2076; x_wconf 83' lang='lat' dir='ltr'><em>Atticam</em></span> <span class='ocrx_word' id='word_1_91' title='bbox 1460 2020 1510 2073; x_wconf 87' lang='lat'><em>12</em></span> <span class='ocrx_word' id='word_1_92' title='bbox 1530 1991 1665 2074; x_wconf 89' lang='lat' dir='ltr'><em>unciis</em></span> <span class='ocrx_word' id='word_1_93' title='bbox 1681 1990 1877 2076; x_wconf 74' lang='lat' dir='ltr'><em>conficis</em></span> <span class='ocrx_word' id='word_1_94' title='bbox 1912 1990 1970 2080; x_wconf 83' lang='lat' dir='ltr'><em>&#39;r-</em></span> 
     </span>
     <span class='ocr_line' id='line_1_14' title="bbox 393 2102 1969 2223; baseline -0.001 -31"><span class='ocrx_word' id='word_1_95' title='bbox 393 2127 503 2206; x_wconf 82' lang='lat' dir='ltr'><em>mat‚</em></span> <span class='ocrx_word' id='word_1_96' title='bbox 531 2136 618 2223; x_wconf 91' lang='lat' dir='ltr'><em>quo</em></span> <span class='ocrx_word' id='word_1_97' title='bbox 636 2110 866 2216; x_wconf 85' lang='lat' dir='ltr'><em>locoseoris</em></span> <span class='ocrx_word' id='word_1_98' title='bbox 888 2108 971 2192; x_wconf 89' lang='lat' dir='ltr'><em>sme</em></span> <span class='ocrx_word' id='word_1_99' title='bbox 990 2106 1077 2192; x_wconf 92' lang='lat' dir='ltr'><em>ullo</em></span> <span class='ocrx_word' id='word_1_100' title='bbox 1097 2103 1227 2190; x_wconf 91' lang='lat' dir='ltr'><em>dubio</em></span> <span class='ocrx_word' id='word_1_101' title='bbox 1247 2106 1501 2215; x_wconf 84' lang='lat' dir='ltr'><em>negligentia</em></span> <span class='ocrx_word' id='word_1_102' title='bbox 1522 2102 1694 2191; x_wconf 84' lang='lat' dir='ltr'><em>excidit.</em></span> <span class='ocrx_word' id='word_1_103' title='bbox 1743 2102 1854 2187; x_wconf 85' lang='lat' dir='ltr'><em>Mox</em></span> <span class='ocrx_word' id='word_1_104' title='bbox 1872 2104 1969 2191; x_wconf 85' lang='lat' dir='ltr'><em>sub-</em></span> 
     </span>
     <span class='ocr_line' id='line_1_15' title="bbox 390 2217 1974 2330; baseline 0.003 -27"><span class='ocrx_word' id='word_1_105' title='bbox 390 2218 552 2330; x_wconf 84' lang='lat' dir='ltr'><em>jungit,</em></span> <span class='ocrx_word' id='word_1_106' title='bbox 582 2220 704 2306; x_wconf 82' lang='lat' dir='ltr'><em>datur</em></span> <span class='ocrx_word' id='word_1_107' title='bbox 723 2219 858 2307; x_wconf 87' lang='lat' dir='ltr'><em>adhuc</em></span> <span class='ocrx_word' id='word_1_108' title='bbox 879 2222 955 2305; x_wconf 83' lang='lat' dir='ltr'><em>alia</em></span> <span class='ocrx_word' id='word_1_109' title='bbox 977 2221 1110 2305; x_wconf 86' lang='lat' dir='ltr'><em>unciis</em></span> <span class='ocrx_word' id='word_1_110' title='bbox 1127 2218 1245 2305; x_wconf 91' lang='lat' dir='ltr'><em>denis</em></span> <span class='ocrx_word' id='word_1_111' title='bbox 1266 2218 1308 2306; x_wconf 78' lang='grc' dir='ltr'><em>δι</em></span> <span class='ocrx_word' id='word_1_112' title='bbox 1327 2218 1456 2315; x_wconf 86' lang='lat' dir='ltr'><em>senis,</em></span> <span class='ocrx_word' id='word_1_113' title='bbox 1486 2239 1606 2303; x_wconf 85' lang='lat' dir='ltr'><em>vetus</em></span> <span class='ocrx_word' id='word_1_114' title='bbox 1626 2241 1778 2328; x_wconf 84' lang='lat' dir='ltr'><strong>nempe</strong></span> <span class='ocrx_word' id='word_1_115' title='bbox 1801 2217 1893 2317; x_wconf 81' lang='lat' dir='ltr'><em>illa,</em></span> <span class='ocrx_word' id='word_1_116' title='bbox 1911 2219 1974 2308; x_wconf 86' lang='lat' dir='ltr'><em>de</em></span> 
     </span>
    </p>

    <p class='ocr_par' dir='ltr' id='par_1_6' title="bbox 426 2355 634 2419">
     <span class='ocr_line' id='line_1_16' title="bbox 426 2355 634 2419; baseline 0.005 -3"><span class='ocrx_word' id='word_1_117' title='bbox 426 2361 476 2417; x_wconf 82' lang='lat' dir='ltr'><em>ur</em></span> <span class='ocrx_word' id='word_1_118' title='bbox 501 2355 634 2419; x_wconf 84' lang='lat' dir='ltr'><em>antea.</em></span> 
     </span>
    </p>

    <p class='ocr_par' dir='ltr' id='par_1_7' title="bbox 390 2360 1969 2898">
     <span class='ocr_line' id='line_1_17' title="bbox 393 2360 1967 2559; baseline 0.003 -32"><span class='ocrx_word' id='word_1_119' title='bbox 393 2360 420 2446; x_wconf 72' lang='lat' dir='ltr'><strong>q</strong></span> <span class='ocrx_word' id='word_1_120' title='bbox 451 2445 519 2529; x_wconf 90' lang='lat' dir='ltr'><em>De</em></span> <span class='ocrx_word' id='word_1_121' title='bbox 540 2447 622 2530; x_wconf 87' lang='lat' dir='ltr'><em>sola</em></span> <span class='ocrx_word' id='word_1_122' title='bbox 642 2443 720 2530; x_wconf 84' lang='lat' dir='ltr'><em>hac</em></span> <span class='ocrx_word' id='word_1_123' title='bbox 738 2445 1014 2530; x_wconf 85' lang='lat' dir='ltr'><em>sedecunciali</em></span> <span class='ocrx_word' id='word_1_124' title='bbox 1035 2445 1305 2554; x_wconf 81' lang='lat' dir='ltr'><em>Dioscorides</em></span> <span class='ocrx_word' id='word_1_125' title='bbox 1321 2444 1544 2559; x_wconf 76' lang='lat' dir='ltr'><em>loquiturr</em></span> <span class='ocrx_word' id='word_1_126' title='bbox 1575 2469 1713 2558; x_wconf 88' lang='lat' dir='ltr'><em>neque</em></span> <span class='ocrx_word' id='word_1_127' title='bbox 1729 2469 1783 2528; x_wconf 81' lang='lat' dir='ltr'><em>ea</em></span> <span class='ocrx_word' id='word_1_128' title='bbox 1800 2441 1967 2532; x_wconf 90' lang='lat' dir='ltr'><em>Medici</em></span> 
     </span>
     <span class='ocr_line' id='line_1_18' title="bbox 390 2556 1969 2670; baseline 0.002 -29"><span class='ocrx_word' id='word_1_129' title='bbox 390 2561 436 2641; x_wconf 89' lang='lat' dir='ltr'><em>in</em></span> <span class='ocrx_word' id='word_1_130' title='bbox 458 2556 852 2670; x_wconf 82' lang='lat' dir='ltr'><em>praescriptionibus</em></span> <span class='ocrx_word' id='word_1_131' title='bbox 872 2558 1120 2656; x_wconf 83' lang='lat' dir='ltr'><em>utebantur,</em></span> <span class='ocrx_word' id='word_1_132' title='bbox 1148 2559 1246 2643; x_wconf 91' lang='lat' dir='ltr'><em>licet</em></span> <span class='ocrx_word' id='word_1_133' title='bbox 1259 2556 1345 2668; x_wconf 85' lang='lat' dir='ltr'><em>ejus</em></span> <span class='ocrx_word' id='word_1_134' title='bbox 1364 2559 1626 2644; x_wconf 85' lang='lat' dir='ltr'><em>mentionem</em></span> <span class='ocrx_word' id='word_1_135' title='bbox 1643 2556 1855 2666; x_wconf 70' lang='lat' dir='ltr'><em>injiciente</em></span> <span class='ocrx_word' id='word_1_136' title='bbox 1878 2558 1969 2646; x_wconf 87' lang='lat' dir='ltr'><em>for·</em></span> 
     </span>
     <span class='ocr_line' id='line_1_19' title="bbox 394 2667 1968 2785; baseline 0.003 -31"><span class='ocrx_word' id='word_1_137' title='bbox 394 2669 464 2754; x_wconf 83' lang='lat' dir='ltr'><em>san</em></span> <span class='ocrx_word' id='word_1_138' title='bbox 485 2697 572 2784; x_wconf 92' lang='lat' dir='ltr'><em>quo</em></span> <span class='ocrx_word' id='word_1_139' title='bbox 595 2667 684 2754; x_wconf 87' lang='lat' dir='ltr'><em>sato</em></span> <span class='ocrx_word' id='word_1_140' title='bbox 705 2669 843 2757; x_wconf 84' lang='lat' dir='ltr'><em>nostra</em></span> <span class='ocrx_word' id='word_1_141' title='bbox 861 2672 1129 2785; x_wconf 85' lang='lat' dir='ltr'><em>Averdupois</em></span> <span class='ocrx_word' id='word_1_142' title='bbox 1147 2669 1276 2756; x_wconf 81' lang='lat' dir='ltr'><em>Libra</em></span> <span class='ocrx_word' id='word_1_143' title='bbox 1305 2669 1374 2756; x_wconf 82' lang='lat' dir='ltr'><em>usa</em></span> <span class='ocrx_word' id='word_1_144' title='bbox 1395 2671 1485 2770; x_wconf 90' lang='lat' dir='ltr'><em>est,</em></span> <span class='ocrx_word' id='word_1_145' title='bbox 1514 2671 1630 2757; x_wconf 91' lang='lat' dir='ltr'><em>idem</em></span> <span class='ocrx_word' id='word_1_146' title='bbox 1659 2669 1733 2784; x_wconf 90' lang='lat' dir='ltr'><em>ipsi</em></span> <span class='ocrx_word' id='word_1_147' title='bbox 1763 2674 1968 2784; x_wconf 84' lang='lat' dir='ltr'><em>contigit,</em></span> 
     </span>
     <span class='ocr_line' id='line_1_20' title="bbox 394 2782 1908 2898; baseline 0.001 -30"><span class='ocrx_word' id='word_1_148' title='bbox 394 2804 441 2868; x_wconf 90' lang='lat' dir='ltr'><em>ut</em></span> <span class='ocrx_word' id='word_1_149' title='bbox 462 2806 614 2895; x_wconf 86' lang='lat' dir='ltr'><em>nempe</em></span> <span class='ocrx_word' id='word_1_150' title='bbox 635 2782 897 2869; x_wconf 83' lang='lat' dir='ltr'><em>crrffioribus</em></span> <span class='ocrx_word' id='word_1_151' title='bbox 920 2783 1207 2898; x_wconf 85' lang='lat' dir='ltr'><em>adpendendis</em></span> <span class='ocrx_word' id='word_1_152' title='bbox 1225 2785 1347 2871; x_wconf 91' lang='lat' dir='ltr'><em>initio</em></span> <span class='ocrx_word' id='word_1_153' title='bbox 1368 2787 1650 2870; x_wconf 85' lang='lat' dir='ltr'><em>mercimoniis</em></span> <span class='ocrx_word' id='word_1_154' title='bbox 1677 2783 1908 2871; x_wconf 84' lang='lat' dir='ltr'><em>inserviret.</em></span> 
     </span>
    </p>

    <p class='ocr_par' dir='ltr' id='par_1_8' title="bbox 387 2893 1970 3118">
     <span class='ocr_line' id='line_1_21' title="bbox 449 2893 1970 3013; baseline 0.007 -33"><span class='ocrx_word' id='word_1_155' title='bbox 449 2893 679 2981; x_wconf 89' lang='lat' dir='ltr'><em>Enimvero</em></span> <span class='ocrx_word' id='word_1_156' title='bbox 707 2897 834 3008; x_wconf 88' lang='lat' dir='ltr'><em>longe</em></span> <span class='ocrx_word' id='word_1_157' title='bbox 863 2898 1029 2998; x_wconf 85' lang='lat' dir='ltr'><em>absum,</em></span> <span class='ocrx_word' id='word_1_158' title='bbox 1059 2920 1106 2985; x_wconf 92' lang='lat' dir='ltr'><em>ut</em></span> <span class='ocrx_word' id='word_1_159' title='bbox 1126 2897 1232 2983; x_wconf 85' lang='lat' dir='ltr'><em>hanc</em></span> <span class='ocrx_word' id='word_1_160' title='bbox 1251 2895 1524 3009; x_wconf 81' lang='lat' dir='ltr'><em>hypothesin,</em></span> <span class='ocrx_word' id='word_1_161' title='bbox 1553 2898 1598 2986; x_wconf 75' lang='grc' dir='ltr'><em>δι</em></span> <span class='ocrx_word' id='word_1_162' title='bbox 1617 2924 1725 3013; x_wconf 81' lang='lat' dir='ltr'><em>quae</em></span> <span class='ocrx_word' id='word_1_163' title='bbox 1742 2896 1844 2989; x_wconf 74' lang='lat' dir='ltr'><em>inde</em></span> <span class='ocrx_word' id='word_1_164' title='bbox 1861 2918 1970 3013; x_wconf 74' lang='lat' dir='ltr'><em>pen·-</em></span> 
     </span>
     <span class='ocr_line' id='line_1_22' title="bbox 387 3008 1261 3118; baseline 0.005 -25"><span class='ocrx_word' id='word_1_165' title='bbox 387 3008 520 3105; x_wconf 89' lang='lat' dir='ltr'><em>dent,</em></span> <span class='ocrx_word' id='word_1_166' title='bbox 547 3034 626 3118; x_wconf 88' lang='lat' dir='ltr'><em>pro</em></span> <span class='ocrx_word' id='word_1_167' title='bbox 639 3010 935 3094; x_wconf 82' lang='lat' dir='ltr'><em>demonstratis</em></span> <span class='ocrx_word' id='word_1_168' title='bbox 957 3010 1185 3096; x_wconf 83' lang='lat' dir='ltr'><em>venditesn.</em></span> <span class='ocrx_word' id='word_1_169' title='bbox 1258 3080 1261 3087; x_wconf 91' lang='lat'>.</span> 
     </span>
    </p>

    <p class='ocr_par' dir='ltr' id='par_1_9' title="bbox 385 3117 1968 3579">
     <span class='ocr_line' id='line_1_23' title="bbox 449 3117 1968 3236; baseline 0.008 -34"><span class='ocrx_word' id='word_1_170' title='bbox 449 3117 510 3202; x_wconf 84' lang='lat' dir='ltr'><em>lta</em></span> <span class='ocrx_word' id='word_1_171' title='bbox 530 3122 644 3205; x_wconf 90' lang='lat' dir='ltr'><em>enim</em></span> <span class='ocrx_word' id='word_1_172' title='bbox 670 3120 723 3205; x_wconf 87' lang='lat' dir='ltr'><em>de</em></span> <span class='ocrx_word' id='word_1_173' title='bbox 743 3120 897 3207; x_wconf 88' lang='lat' dir='ltr'><em>eruditi</em></span> <span class='ocrx_word' id='word_1_174' title='bbox 916 3121 1114 3235; x_wconf 83' lang='lat' dir='ltr'><em>Episcopi</em></span> <span class='ocrx_word' id='word_1_175' title='bbox 1132 3123 1336 3210; x_wconf 84' lang='lat' dir='ltr'><em>sententia</em></span> <span class='ocrx_word' id='word_1_176' title='bbox 1355 3124 1547 3225; x_wconf 85' lang='lat' dir='ltr'><em>viderur,</em></span> <span class='ocrx_word' id='word_1_177' title='bbox 1578 3121 1968 3236; x_wconf 76' lang='lat' dir='ltr'><em>gravisssmasratio·</em></span> 
     </span>
     <span class='ocr_line' id='line_1_24' title="bbox 386 3230 1965 3351; baseline 0.006 -36"><span class='ocrx_word' id='word_1_178' title='bbox 386 3255 466 3316; x_wconf 84' lang='lat' dir='ltr'><em>nes</em></span> <span class='ocrx_word' id='word_1_179' title='bbox 487 3230 901 3348; x_wconf 83' lang='lat' dir='ltr'><em>suadere‚propriam</em></span> <span class='ocrx_word' id='word_1_180' title='bbox 921 3235 1239 3345; x_wconf 82' lang='lat' dir='ltr'><em>Athenieastbus</em></span> <span class='ocrx_word' id='word_1_181' title='bbox 1251 3237 1453 3339; x_wconf 80' lang='lat' dir='ltr'><em>Libram,</em></span> <span class='ocrx_word' id='word_1_182' title='bbox 1483 3238 1704 3326; x_wconf 83' lang='lat' dir='ltr'><em>Drachmis</em></span> <span class='ocrx_word' id='word_1_183' title='bbox 1726 3239 1891 3325; x_wconf 82' lang='lat' dir='ltr'><em>Atticis</em></span> <span class='ocrx_word' id='word_1_184' title='bbox 1909 3244 1965 3351; x_wconf 80' lang='lat'><em>96</em></span> 
     </span>
     <span class='ocr_line' id='line_1_25' title="bbox 385 3340 1968 3468; baseline 0.006 -37"><span class='ocrx_word' id='word_1_185' title='bbox 385 3340 534 3442; x_wconf 82' lang='lat' dir='ltr'><em>suisle;</em></span> <span class='ocrx_word' id='word_1_186' title='bbox 551 3348 598 3430; x_wconf 74' lang='lat' dir='ltr'><em>&#39;in</em></span> <span class='ocrx_word' id='word_1_187' title='bbox 619 3345 735 3455; x_wconf 87' lang='lat' dir='ltr'><em>cujus</em></span> <span class='ocrx_word' id='word_1_188' title='bbox 754 3350 816 3433; x_wconf 90' lang='lat' dir='ltr'><em>rei</em></span> <span class='ocrx_word' id='word_1_189' title='bbox 835 3349 1033 3436; x_wconf 83' lang='lat' dir='ltr'><em>ultiorem</em></span> <span class='ocrx_word' id='word_1_190' title='bbox 1051 3352 1414 3438; x_wconf 83' lang='lat' dir='ltr'><em>confirmationem</em></span> <span class='ocrx_word' id='word_1_191' title='bbox 1433 3351 1968 3468; x_wconf 81' lang='lat' dir='ltr'><em>eruditusHooperusnoo·</em></span> 
     </span>
     <span class='ocr_line' id='line_1_26' title="bbox 387 3457 1739 3579; baseline 0.007 -34"><span class='ocrx_word' id='word_1_192' title='bbox 387 3457 521 3547; x_wconf 77' lang='lat' dir='ltr'><em>nullas</em></span> <span class='ocrx_word' id='word_1_193' title='bbox 541 3458 759 3548; x_wconf 71' lang='lat' dir='ltr'><em>sudorum</em></span> <span class='ocrx_word' id='word_1_194' title='bbox 776 3462 977 3550; x_wconf 70' lang='lat' dir='ltr'><em>sessiones</em></span> <span class='ocrx_word' id='word_1_195' title='bbox 998 3462 1112 3554; x_wconf 81' lang='lat' dir='ltr'><em>haud</em></span> <span class='ocrx_word' id='word_1_196' title='bbox 1130 3467 1293 3579; x_wconf 85' lang='lat' dir='ltr'><em>vulgari</em></span> <span class='ocrx_word' id='word_1_197' title='bbox 1307 3466 1528 3578; x_wconf 83' lang='lat' dir='ltr'><em>sagacitate</em></span> <span class='ocrx_word' id='word_1_198' title='bbox 1547 3465 1739 3556; x_wconf 67' lang='lat' dir='ltr'><em>restituis</em></span> 
     </span>
    </p>
   </div>
   <div class='ocr_carea' id='block_1_6' title="bbox 821 3707 1517 3839">
    <p class='ocr_par' dir='ltr' id='par_1_10' title="bbox 821 3707 1517 3839">
     <span class='ocr_line' id='line_1_27' title="bbox 821 3707 1517 3839; baseline 0.007 -8"><span class='ocrx_word' id='word_1_199' title='bbox 821 3707 1095 3839; x_wconf 82' lang='lat' dir='ltr'><em>Pondere</em></span> <span class='ocrx_word' id='word_1_200' title='bbox 1136 3710 1517 3838; x_wconf 73' lang='lat' dir='ltr'><em>Arrnrcr.</em></span> 
     </span>
    </p>
   </div>
   <div class='ocr_carea' id='block_1_7' title="bbox 97 3913 1968 4127">
    <p class='ocr_par' dir='ltr' id='par_1_11' title="bbox 97 3913 1968 4127">
     <span class='ocr_line' id='line_1_28' title="bbox 97 3913 1968 4127; baseline 0.001 -114"><span class='ocrx_word' id='word_1_201' title='bbox 97 4004 100 4013; x_wconf 93' lang='lat'><em>.</em></span> <span class='ocrx_word' id='word_1_202' title='bbox 394 3913 633 4127; x_wconf 76' lang='lat' dir='ltr'><em>Pondere</em></span> <span class='ocrx_word' id='word_1_203' title='bbox 652 3914 837 4002; x_wconf 84' lang='lat' dir='ltr'><em>Arabica</em></span> <span class='ocrx_word' id='word_1_204' title='bbox 856 3917 1005 4033; x_wconf 91' lang='lat' dir='ltr'><em>quibus</em></span> <span class='ocrx_word' id='word_1_205' title='bbox 1026 3926 1189 4013; x_wconf 90' lang='lat' dir='ltr'><em>Medici</em></span> <span class='ocrx_word' id='word_1_206' title='bbox 1210 3930 1402 4028; x_wconf 84' lang='lat' dir='ltr'><em>Arabes,</em></span> <span class='ocrx_word' id='word_1_207' title='bbox 1434 3932 1628 4046; x_wconf 86' lang='lat' dir='ltr'><em>Serapio,</em></span> <span class='ocrx_word' id='word_1_208' title='bbox 1658 3930 1869 4040; x_wconf 78' lang='lat' dir='ltr'><em>Rhafis&amp;</em></span> <span class='ocrx_word' id='word_1_209' title='bbox 1897 3928 1968 4015; x_wconf 83' lang='lat' dir='ltr'><em>A·</em></span> 
     </span>
    </p>
   </div>
   <div class='ocr_carea' id='block_1_8' title="bbox 276 4030 1969 4705">
    <p class='ocr_par' dir='ltr' id='par_1_12' title="bbox 276 4030 1969 4705">
     <span class='ocr_line' id='line_1_29' title="bbox 503 4030 1966 4157; baseline 0.014 -49"><span class='ocrx_word' id='word_1_210' title='bbox 503 4030 678 4112; x_wconf 72' lang='lat' dir='ltr'><em>vicenae</em></span> <span class='ocrx_word' id='word_1_211' title='bbox 697 4050 908 4134; x_wconf 77' lang='lat' dir='ltr'><em>utuntur,</em></span> <span class='ocrx_word' id='word_1_212' title='bbox 938 4064 992 4124; x_wconf 86' lang='lat' dir='ltr'><em>ex</em></span> <span class='ocrx_word' id='word_1_213' title='bbox 1022 4041 1267 4128; x_wconf 75' lang='lat' dir='ltr'><em>confusione</em></span> <span class='ocrx_word' id='word_1_214' title='bbox 1288 4043 1524 4157; x_wconf 90' lang='lat' dir='ltr'><em>ponderum</em></span> <span class='ocrx_word' id='word_1_215' title='bbox 1538 4047 1792 4130; x_wconf 80' lang='lat' dir='ltr'><em>Graecorum</em></span> <span class='ocrx_word' id='word_1_216' title='bbox 1813 4043 1855 4128; x_wconf 76' lang='grc' dir='ltr'><em>δι</em></span> <span class='ocrx_word' id='word_1_217' title='bbox 1876 4046 1966 4129; x_wconf 88' lang='lat' dir='ltr'><em>Ro-</em></span> 
     </span>
     <span class='ocr_line' id='line_1_30' title="bbox 385 4143 1964 4243; baseline 0.016 -26"><span class='ocrx_word' id='word_1_218' title='bbox 385 4166 600 4223; x_wconf 80' lang='lat' dir='ltr'><em>manorum</em></span> <span class='ocrx_word' id='word_1_219' title='bbox 628 4165 747 4228; x_wconf 86' lang='lat' dir='ltr'><em>enata</em></span> <span class='ocrx_word' id='word_1_220' title='bbox 763 4143 868 4233; x_wconf 89' lang='lat' dir='ltr'><em>sunt.</em></span> <span class='ocrx_word' id='word_1_221' title='bbox 948 4149 999 4237; x_wconf 88' lang='lat' dir='ltr'><em>lis</em></span> <span class='ocrx_word' id='word_1_222' title='bbox 1038 4154 1290 4242; x_wconf 77' lang='lat' dir='ltr'><em>Hebraico-m</em></span> <span class='ocrx_word' id='word_1_223' title='bbox 1309 4156 1469 4241; x_wconf 78' lang='lat' dir='ltr'><em>March</em></span> <span class='ocrx_word' id='word_1_224' title='bbox 1497 4178 1568 4243; x_wconf 80' lang='lat' dir='ltr'><em>aut</em></span> <span class='ocrx_word' id='word_1_225' title='bbox 1589 4160 1752 4243; x_wconf 86' lang='lat' dir='ltr'><em>Graeca</em></span> <span class='ocrx_word' id='word_1_226' title='bbox 1771 4158 1899 4240; x_wconf 85' lang='lat' dir='ltr'><em>Mina</em></span> <span class='ocrx_word' id='word_1_227' title='bbox 1917 4160 1964 4243; x_wconf 89' lang='lat' dir='ltr'><em>in</em></span> 
     </span>
     <span class='ocr_line' id='line_1_31' title="bbox 392 4252 1969 4383; baseline 0.015 -51"><span class='ocrx_word' id='word_1_228' title='bbox 392 4252 547 4383; x_wconf 67' lang='lat' dir='ltr'><em>Manes</em></span> <span class='ocrx_word' id='word_1_229' title='bbox 563 4254 741 4357; x_wconf 80' lang='lat' dir='ltr'><em>transit,</em></span> <span class='ocrx_word' id='word_1_230' title='bbox 771 4284 878 4371; x_wconf 85' lang='lat' dir='ltr'><em>quae</em></span> <span class='ocrx_word' id='word_1_231' title='bbox 908 4263 1096 4376; x_wconf 85' lang='lat' dir='ltr'><em>duplex,</em></span> <span class='ocrx_word' id='word_1_232' title='bbox 1125 4271 1257 4355; x_wconf 90' lang='lat' dir='ltr'><em>unciis</em></span> <span class='ocrx_word' id='word_1_233' title='bbox 1288 4300 1342 4354; x_wconf 91' lang='lat'><em>20</em></span> <span class='ocrx_word' id='word_1_234' title='bbox 1371 4269 1495 4369; x_wconf 83' lang='lat' dir='ltr'><em>baec,</em></span> <span class='ocrx_word' id='word_1_235' title='bbox 1530 4279 1579 4356; x_wconf 87' lang='lat'><em>16</em></span> <span class='ocrx_word' id='word_1_236' title='bbox 1600 4274 1739 4358; x_wconf 83' lang='lat' dir='ltr'><em>altera.</em></span> <span class='ocrx_word' id='word_1_237' title='bbox 1801 4268 1969 4356; x_wconf 80' lang='lat' dir='ltr'><em>Proba-</em></span> 
     </span>
     <span class='ocr_line' id='line_1_32' title="bbox 276 4362 1964 4490; baseline 0.015 -46"><span class='ocrx_word' id='word_1_238' title='bbox 276 4468 285 4481; x_wconf 39' lang='lat'><strong>·</strong></span> <span class='ocrx_word' id='word_1_239' title='bbox 387 4362 540 4448; x_wconf 76' lang='lat' dir='ltr'><em>sissima</em></span> <span class='ocrx_word' id='word_1_240' title='bbox 560 4392 666 4477; x_wconf 81' lang='lat' dir='ltr'><em>quae</em></span> <span class='ocrx_word' id='word_1_241' title='bbox 687 4370 741 4456; x_wconf 87' lang='lat' dir='ltr'><em>de</em></span> <span class='ocrx_word' id='word_1_242' title='bbox 760 4401 808 4458; x_wconf 82' lang='lat' dir='ltr'><em>ea</em></span> <span class='ocrx_word' id='word_1_243' title='bbox 826 4402 873 4459; x_wconf 89' lang='lat' dir='ltr'><em>re</em></span> <span class='ocrx_word' id='word_1_244' title='bbox 888 4375 943 4460; x_wconf 73' lang='lat' dir='ltr'><em>ab</em></span> <span class='ocrx_word' id='word_1_245' title='bbox 963 4379 1056 4490; x_wconf 83' lang='lat' dir='ltr'><em>ipss</em></span> <span class='ocrx_word' id='word_1_246' title='bbox 1076 4380 1283 4468; x_wconf 84' lang='lat' dir='ltr'><em>Arabibus</em></span> <span class='ocrx_word' id='word_1_247' title='bbox 1303 4384 1599 4483; x_wconf 80' lang='lat' dir='ltr'><em>traduntur‚in</em></span> <span class='ocrx_word' id='word_1_248' title='bbox 1632 4384 1810 4472; x_wconf 83' lang='lat' dir='ltr'><em>Tabulis</em></span> <span class='ocrx_word' id='word_1_249' title='bbox 1828 4383 1964 4470; x_wconf 89' lang='lat' dir='ltr'><em>videri</em></span> 
     </span>
     <span class='ocr_line' id='line_1_33' title="bbox 386 4474 1964 4614; baseline 0.015 -55"><span class='ocrx_word' id='word_1_250' title='bbox 386 4474 569 4609; x_wconf 80' lang='lat' dir='ltr'><em>possunt.</em></span> <span class='ocrx_word' id='word_1_251' title='bbox 619 4479 711 4566; x_wconf 76' lang='lat' dir='ltr'><em>Sed</em></span> <span class='ocrx_word' id='word_1_252' title='bbox 729 4487 771 4568; x_wconf 92' lang='lat' dir='ltr'><em>in</em></span> <span class='ocrx_word' id='word_1_253' title='bbox 792 4487 864 4586; x_wconf 89' lang='lat' dir='ltr'><em>iis,</em></span> <span class='ocrx_word' id='word_1_254' title='bbox 885 4517 992 4602; x_wconf 89' lang='lat' dir='ltr'><em>quae</em></span> <span class='ocrx_word' id='word_1_255' title='bbox 1023 4491 1106 4582; x_wconf 88' lang='lat' dir='ltr'><em>huc</em></span> <span class='ocrx_word' id='word_1_256' title='bbox 1135 4493 1340 4611; x_wconf 71' lang='lat' dir='ltr'><em>spedant,</em></span> <span class='ocrx_word' id='word_1_257' title='bbox 1370 4499 1572 4613; x_wconf 78' lang='lat' dir='ltr'><em>majorem</em></span> <span class='ocrx_word' id='word_1_258' title='bbox 1589 4499 1719 4589; x_wconf 87' lang='lat' dir='ltr'><em>sidem</em></span> <span class='ocrx_word' id='word_1_259' title='bbox 1749 4497 1964 4614; x_wconf 85' lang='lat' dir='ltr'><em>Episcopo</em></span> 
     </span>
     <span class='ocr_line' id='line_1_34' title="bbox 392 4589 939 4705; baseline 0.029 -33"><span class='ocrx_word' id='word_1_260' title='bbox 392 4589 580 4705; x_wconf 73' lang='lat' dir='ltr'><em>ssoopero</em></span> <span class='ocrx_word' id='word_1_261' title='bbox 593 4618 769 4705; x_wconf 75' lang='lat' dir='ltr'><em>egomet</em></span> <span class='ocrx_word' id='word_1_262' title='bbox 786 4597 939 4690; x_wconf 85' lang='lat' dir='ltr'><em>habeo.</em></span> 
     </span>
    </p>
   </div>
   <div class='ocr_carea' id='block_1_9' title="bbox 1826 4681 1969 4808">
    <p class='ocr_par' dir='ltr' id='par_1_13' title="bbox 1826 4681 1969 4808">
     <span class='ocr_line' id='line_1_35' title="bbox 1826 4681 1969 4808; baseline -0.021 0"><span class='ocrx_word' id='word_1_263' title='bbox 1826 4681 1969 4808; x_wconf 68' lang='lat' dir='ltr'><em>Rosci</em></span> 
     </span>
    </p>
   </div>
   <div class='ocr_carea' id='block_1_10' title="bbox 0 0 2087 5646">
    <p class='ocr_par' dir='ltr' id='par_1_14' title="bbox 0 0 2087 5646">
     <span class='ocr_line' id='line_1_36' title="bbox 0 0 2087 5646; baseline 0 0"><span class='ocrx_word' id='word_1_264' title='bbox 0 0 2087 5646; x_wconf 95' lang='lat' dir='ltr'><em> </em></span> 
     </span>
    </p>
   </div>
  </div>
 </body>
</html>
