4140 5646
243 336 342 407 ιω
486 284 792 393 rasura
828 279 1075 411 murm
1110 280 1605 388 uumssmrum
1707 383 1716 392 .
1796 384 1810 394 ,

243 520 299 607 L.
318 515 429 603 Vero
448 510 695 625 opinionem
712 502 888 599 evertit,
917 525 1046 614 quem
1064 523 1208 612 parem
1227 523 1408 586 numero
1426 525 1607 590 coenam
1634 505 1821 618 primum

241 622 472 719 instruxisse
502 624 739 735 opinantur.
798 614 946 703 Coena
964 612 1183 729 pontificia
1203 640 1330 727 quam
1361 615 1608 703 Macrobius
1635 619 1822 739 descrip-

243 746 315 846 srt,
344 740 494 831 mensis
515 734 674 822 duabus
693 731 897 818 convivae
917 729 1067 815 decern
1085 727 1394 816 lateresinistro
1424 730 1718 837 discumbunt,
1744 764 1823 825 cu·

242 859 334 946 bito
354 855 508 949 innixi,
537 868 747 962 caputque
764 843 972 1043 pulvinari
988 839 1157 931 suffulti.
1215 840 1258 928 Si
1276 841 1416 955 plures
1435 845 1588 932 eodem
1606 847 1719 937 lesio
1727 868 1825 940 ute·

244 973 418 1070 bantur,
448 992 532 1050 non
551 964 614 1048 uti
634 988 734 1059 nos,
783 957 836 1042 ed
846 958 904 1044 ita
914 956 1097 1070 dispositi
1113 954 1331 1067 jacebant,
1360 975 1408 1043 ut
1427 957 1481 1045 ad
1491 959 1822 1054 dorsumfecun·

181 1104 184 1109 '
217 1126 221 1131 ·
244 1086 312 1186 di,
370 1082 469 1170 edes
489 1078 613 1190 primi
663 1077 946 1185 ertingerent,
976 1071 1020 1157 &
1039 1072 1096 1158 ita
1115 1071 1170 1157 de
1189 1070 1373 1185 reliquis.

352 1190 617 1281 onorificenti
653 1215 760 1275 rmus
777 1189 896 1274 locus
917 1186 960 1269 in
979 1184 1141 1270 summo
1161 1204 1279 1280 erata
1300 1185 1346 1271 in
1365 1184 1511 1273 medio
1540 1190 1714 1303 quando
1735 1210 1821 1283 tres

243 1310 385 1399 eidem
404 1307 514 1394 lesio
534 1302 791 1398 infidebant;
823 1301 906 1386 hoc
926 1297 1071 1384 habitu
1087 1324 1186 1383 cum
1216 1300 1314 1385 viris
1334 1297 1512 1386 feminas
1530 1302 1822 1409 discumbere,

241 1426 365 1512 initio
376 1445 522 1536 parum
535 1415 821 1503 verecundum
830 1410 1075 1512 videbatur,
1093 1439 1241 1499 verum
1261 1416 1463 1525 temporis
1474 1415 1664 1528 processu
1675 1436 1749 1506 aut
1756 1420 1823 1507 di·

238 1534 484 1627 scumbendi
497 1557 660 1618 morem
673 1546 982 1629 mutatum,aut
994 1529 1229 1638 virgineum
1240 1523 1361 1613 istum
1371 1525 1579 1641 pudorem
1588 1530 1821 1635 mansuefa-

245 1652 360 1739 ssum
382 1651 455 1746 iri,
493 1645 615 1732 facile
633 1646 769 1761 quivis
780 1638 1056 1757 praedixisset.
1114 1640 1282 1753 Nuptiis
1312 1643 1485 1843 aliispue
1514 1640 1627 1729 sestis
1646 1644 1821 1750 diebus,

273 1765 616 1850 roconvivarum
636 1785 839 1858 numero,
866 1758 984 1870 plura
1011 1783 1098 1843 uno
1128 1755 1361 1841 coenaculo
1425 1758 1594 1841 ricliaia
1621 1758 1824 1849 insserne.

242 1793 419 1977 bantur,
445 1902 583 1987 neque
603 1895 862 1958 tamencum
882 1872 1024 1956 amicis
1042 1867 1301 1956 confabulari
1319 1889 1821 1984 poterant,quoteorum

241 1996 287 2083 in
306 1989 487 2106 spatiosis
506 1986 652 2073 nostris
670 1986 909 2074 coenaculis
926 1986 1084 2097 saepius
1103 1983 1464 2071 unaaccumbunr.
1520 1982 1823 2101 Conviviaigi·

243 2127 313 2196 tut
333 2106 607 2188 Romanarum
626 2101 761 2185 minus
781 2098 1001 2185 numerosa
1020 2098 1287 2297 plerumgue,
1318 2098 1360 2183 dc
1382 2099 1556 2184 minoris
1575 2100 1822 2211 proinfum·

245 2240 312 2308 tus
331 2217 525 2312 fuerunt,
555 2239 682 2327 quam
702 2211 839 2301 nostra
858 2214 1064 2299 convivia.
1123 2211 1181 2298 Di
1224 2237 1383 2324 umque
1404 2214 1614 2297 Varronis
1631 2214 1745 2326 apud
1764 2217 1820 2302 A.

246 2334 450 2421 Gellium,
480 2328 597 2443 quod
617 2329 821 2417 convivae
841 2354 926 2412 non
954 2328 1173 2439 pauciores
1193 2322 1437 2410 Gratiarum
1467 2328 1652 2413 ternario
1671 2355 1821 2417 nume·

244 2473 326 2545 ro,
356 2472 410 2531 ne
442 2468 497 2528 ue
525 2440 665 2556 plures
693 2438 912 2531 Musarum
941 2440 1174 2525 novenario
1193 2463 1372 2523 numero
1393 2435 1475 2524 esse
1496 2438 1702 2539 debeant,
1730 2469 1821 2529 non

245 2585 392 2646 verum
411 2472 543 2642 dolum
572 2552 649 2651 est,
680 2551 752 2638 sed
782 2553 824 2641 dc
855 2553 991 2664 gentis
1019 2552 1126 2637 illius
1137 2550 1343 2638 moribus
1359 2554 1618 2668 ingenioque
1634 2553 1821 2667 adpofite

246 2671 404 2759 dissum
422 2667 495 2755 est.
553 2666 746 2754 Mamilia
767 2667 884 2780 quod
903 2668 1053 2751 attinet
1072 2722 1083 2757 ,
1112 2693 1159 2751 ea
1179 2664 1479 2778 Heliogabalus
1497 2693 1621 2752 aurea
1649 2664 1818 2771 habuit,

244 2806 292 2872 ut
313 2785 356 2872 dc
377 2786 612 2881 Galienas,
642 2778 854 2868 referente
884 2778 925 2864 T
921 2779 1125 2875 rebelli0;
1156 2780 1265 2863 linea
1295 2801 1433 2864 tamen
1469 2781 1721 2895 plerumque
1750 2780 1820 2869 ba·

244 2899 450 2999 buerunt,
479 2916 550 2982 aut
571 2923 626 2981 ex
644 2896 761 2981 molli
781 2896 872 2979 lana
892 2891 1019 2992 fac'sa,
1047 2913 1094 2978 ut
1114 2891 1361 2990 Trimalcio,
1388 2897 1462 3005 qui
1482 2897 1715 2979 canlintea's
1733 2914 1819 2981 ter·

240 3012 452 3126 gebatur,
473 3009 555 3116 sed
569 3010 722 3121 palliis
750 3037 804 3091 aar
830 3009 944 3090 molli
964 3010 1061 3090 lana
1071 3008 1240 3120 fulsire
1270 3009 1439 3120 propria
1459 3006 1673 3093 interdum
1691 3007 1821 3097 lintea

246 3126 451 3209 convivae
479 3118 737 3208 adferebant.
1683 3180 1687 3185 .

302 3234 576 3349 Splendidum
596 3240 637 3318 dr
655 3231 912 3345 sumtuosum
930 3236 1225 3321 conviviorum
1243 3253 1485 3347 apparatum
1496 3232 1607 3348 apud
1616 3234 1822 3337 Graecos,

246 3352 473 3451 Romanos,
504 3368 736 3463 gentesque
755 3346 970 3446 barbaras,
999 3349 1128 3433 Phila
1147 3346 1341 3457 Judaeas
1360 3349 1409 3434 de
1428 3352 1822 3463 vitarenteneplaeta'·

247 3496 306 3550 va
325 3463 560 3576 descripfrt,
590 3464 734 3578 quain
755 3490 802 3547 re
822 3463 942 3546 nimis
962 3462 1118 3547 multus
1147 3459 1235 3560 css,
1258 3487 1385 3576 quam
1415 3481 1462 3547 ut
1491 3459 1573 3547 huc
1604 3462 1822 3551 transferri
1854 3522 1864 3530 -

246 3578 371 3690 possit
391 3578 478 3688 ejus
499 3578 650 3662 oratio.
707 3573 819 3661 lnter
831 3576 907 3661 alia
925 3596 1145 3662 narrantur
1164 3572 1216 3658 ab
1234 3602 1287 3661 eo
1308 3575 1405 3661 ledi
1424 3573 1620 3674 eburnei,
1649 3575 1822 3664 testidu-

187 3733 190 3739 ,
247 3691 384 3788 dinei,
412 3692 681 3798 margaritae,
711 3715 925 3799 gemmae,
952 3687 1092 3774 seduli
1111 3693 1310 3802 purpurei
1329 3717 1433 3777 auro
1451 3691 1628 3788 intexti,
1655 3688 1823 3779 foliis&

247 3800 424 3888 floribus
444 3803 667 3911 variegati3
699 3824 914 3913 praeterea
934 3803 1096 3913 poculis
1127 3801 1169 3886 ἃ
1200 3807 1334 3887 omnis
1364 3805 1528 3913 generis
1559 3800 1658 3888 vafis
1687 3803 1838 3917 splen--

249 3916 400 4000 dentes
431 3913 571 4012 abaci,
602 3913 922 4001 ministrantibus
941 3913 1241 4001 formosissimis
1261 3920 1422 4029 pueris,
1459 3916 1620 4027 pidum
1638 3915 1681 4000 &
1702 3919 1824 4006 cultu

250 4029 484 4114 delicatiori
504 4026 769 4126 amabilibus;
799 4028 1030 4146 sequuntur
1056 4027 1217 4114 fercula
1242 4029 1437 4141 septem,
1466 4027 1642 4117 subinde
1669 4029 1826 4144 plura,

251 4143 387 4225 omnis
408 4143 573 4252 generis
595 4142 755 4229 deliciis
775 4142 952 4242 referta,
983 4171 1084 4259 quas
1104 4171 1198 4240 aer,
1218 4140 1701 4232 marcautterrafundit.
1732 4147 1825 4235 No-

251 4252 424 4339 tandum
444 4279 541 4340 cum
562 4253 733 4341 ferculis
755 4257 798 4341 &
818 4258 975 4343 mensas
994 4259 1147 4345 mutari
1166 4257 1317 4345 solitas,

306 4363 511 4453 Carnibus
531 4369 793 4482 piscibusque
810 4370 959 4457 iisdem
988 4372 1109 4467 fere,
1138 4368 1288 4485 quibus
1316 4399 1393 4458 nos
1412 4431 1426 4471 ,
1455 4369 1768 4470 vescebantur,
1795 4368 1825 4458 fi

249 4477 353 4565 solas
373 4480 554 4589 excipias
577 4483 873 4595 Meleagrides.
933 4484 1137 4581 Piscium,
1167 4512 1274 4599 quos
1295 4488 1524 4599 plurimum
1543 4484 1826 4598 expetebant,

250 4592 412 4706 aliquos
431 4592 641 4692 recensui,
660 4617 706 4681 ut
727 4597 898 4683 scarum
919 4594 963 4684 δι
982 4596 1147 4709 Lupum
1168 4602 1372 4687 marinum
1392 4599 1477 4686 dcc.
1495 4596 1669 4796 amissa}
1684 4597 1743 4683 ait
1761 4598 1825 4682 A·

1628 4730 1829 4799 transeas
