4140 5646
575 228 1010 327 MENSURARUM
1038 229 1123 322 ΕΤ
1150 231 1503 328 PONDERUM.
1746 245 1811 342 '81

451 494 559 626 De
598 492 1076 626 Guncouun
1101 492 1394 669 Mensurir
1433 500 1612 630 cauis.

245 776 564 983 Graecorum
584 765 795 855 mensuras
814 795 935 856 cavas
955 768 1025 853 An
1054 772 1150 853 licis
1167 768 1366 856 mensuris
1387 771 1670 885 expressurus,
1699 768 1810 859 illam

383 888 455 980 xic
484 881 636 968 didam
673 884 896 995 praecipue
936 799 1138 980 adhibui,
1177 881 1371 968 omnibus
1409 884 1679 996 scriptoribus
1729 917 1812 989 720

243 996 490 1087 Drachmaes
528 1023 659 1110 aquae
696 996 884 1108 pluvialis
914 1020 952 1081 v.
984 1022 1055 1106 g.,
1085 996 1373 1107 pendentem:
1417 999 1621 1111 aquae&
1652 1002 1737 1084 vini
1768 1029 1811 1085 e-

244 1110 335 1197 nirn
351 1107 539 1225 pondera
560 1110 674 1194 nullo
703 1108 940 1194 discrimine
959 1130 1122 1195 veteres
1135 1108 1387 1195 habuerunt.
1475 1112 1709 1196 Drachmis
1735 1115 1812 1198 ita-

279 1249 330 1307 ue
350 1224 516 1307 Atticis
537 1221 780 1332 gravissimis
800 1222 963 1323 elestis,
993 1250 1100 1338 quae
1129 1222 1222 1308 sunt
1244 1225 1397 1309 veteris
1428 1226 1575 1310 Minae
1605 1226 1812 1326 Atticae,

243 1250 317 1423 ileu
337 1333 499 1420 nostrae
520 1338 787 1447 Averdupois
806 1336 1242 1436 Librae,centesrmae
1263 1336 1684 1450 partes,s1ngularum
1705 1366 1816 1452 pon-.

243 1449 322 1533 dus
342 1452 479 1558 granis
499 1447 774 1560 Troiienſsbus
796 1479 848 1553 70
868 1449 1061 1550 absolvo,
1090 1450 1276 1561 neglesla
1297 1454 1448 1561 exigua
1475 1449 1677 1537 fraslione
1697 1451 1812 1561 cujus

244 1564 288 1647 in
307 1560 487 1647 Tabulis
507 1566 714 1648 rationem
733 1566 819 1646 inii..
879 1565 1098 1650 Dracbma
1117 1563 1219 1648 haec
1241 1566 1389 1648 Attico
1417 1571 1492 1662 zoi
1517 1590 1642 1675 grana
1674 1595 1812 1673 50400

236 1675 449 1789 attribuit.
508 1676 587 1761 Pes
607 1698 746 1761 autem
766 1674 961 1776 cubicus,
992 1679 1065 1791 qui
1084 1674 1143 1761 est
1175 1680 1278 1781 1728
1311 1678 1513 1790 pollicum
1541 1676 1812 1778 cubicorum,
1854 1704 1856 1708 ·

245 1790 403 1900 pendet
424 1817 555 1903 aquae
575 1791 761 1901 pluvialis
785 1798 836 1893 76
856 1789 1028 1884 Libras;
1058 1789 1211 1876 instrue
1240 1792 1369 1902 igitur
1398 1794 1720 1903 proportionem
1753 1813 1815 1877 ta·

246 1905 356 2001 lem;
393 1912 473 2006 760
495 1930 619 2013 grana
639 1901 797 1989 faciunt
820 1936 837 2005 3
862 1904 1036 2015 pollices
1065 1904 1261 2002 cubicos;
1297 1933 1436 2011 50400
1456 1906 1585 2015 igitur
1605 1932 1731 2014 grana
1752 1905 1812 1989 sa-

248 2020 362 2102 cient
387 2020 562 2128 198,947
569 2048 619 2121 37
641 2018 812 2129 pollices
834 2017 1030 2115 eubicos,
1050 2019 1257 2213 replentes
1275 2014 1302 2099 i
1320 2021 1428 2117 χοῦν,
1447 2017 1675 2104 srvenostra
1696 2046 1815 2104 men-

245 2128 361 2227 sura,
389 2134 523 2242 pintas
545 2139 593 2226 6,
624 2131 932 2215 remanentibus
952 2132 1093 2242 pollici
1124 2157 1170 2215 us
1191 2131 1347 2216 cubicis
1370 2134 1545 2239 25,698,
1576 2159 1683 2243 quae
1694 2158 1814 2242 capa·

248 2246 352 2327 citas
369 2245 492 2356 paulo
512 2242 620 2327 infra
651 2244 843 2356 Congium
863 2247 1089 2327 Romanum
1119 2242 1209 2342 est,
1238 2243 1399 2328 tametsi
1428 2241 1642 2329 Graecum
1670 2248 1739 2341 xiv
1769 2245 1814 2330 &

251 2356 443 2468 Congium
464 2358 689 2441 Romanum
718 2350 1006 2443 indifferenter
1027 2355 1292 2442 adhibuerint
1312 2379 1507 2455 veteres,
1539 2356 1815 2470 quemadmo·

249 2466 349 2551 dum
379 2466 669 2556 indifferenter
700 2499 871 2586 quoque
898 2470 1186 2556 adhibuerunt
1207 2481 1275 2554 6m
1303 2498 1450 2557 eorum
1469 2493 1626 2581 partes,
1655 2464 1751 2575 ξίςην
1770 2471 1814 2558 dt

248 2581 516 2683 Sextarr‘um,
536 2611 614 2670 nec
635 2611 721 2669 non
748 2601 829 2668 12³⁵
847 2613 995 2669 eorum
1016 2580 1329 2698 partesmerinq·
1351 2585 1394 2670 dc
1417 2584 1646 2667 Heminam.
1681 2586 1814 2668 Grae·

248 2723 313 2780 tos
335 2699 528 2783 vasorum
558 2696 728 2781 suorum
754 2702 1026 2808 capacitatem
1054 2698 1243 2808 pondere
1273 2696 1388 2794 olei,
1416 2695 1572 2782 srusius
1603 2700 1816 2783 vernaculi

245 2806 1816 2920 mensu1·asie‚veros1millimumest,descriptarumenimmeusurarumpon-

247 2924 347 3007 dera
368 2920 532 3005 Medici
552 2917 788 3005 constanter
807 2921 904 3004 oleo
925 2923 1178 3028 exprimunt.
1209 2927 1218 2942 '
1237 2923 1445 3028 Cotylam,
1476 2923 1611 3034 inquit
1631 2922 1817 3007 Galenus

241 3033 317 3119 sib.
342 3064 378 3139 5.
409 3034 458 3116 de
476 3039 652 3145 conpos:
680 3032 883 3116 medicam.
942 3032 1085 3116 Herae
1112 3030 1229 3117 fuisse
1258 3034 1571 3117 Dracbmarum
1603 3039 1679 3132 60,
1709 3063 1816 3148 pon·

249 3147 349 3233 dere
361 3173 435 3258 per
447 3143 801 3257 olcumexpreslo.
860 3144 1033 3230 Pondus
1054 3173 1224 3260 quoque
1236 3148 1319 3232 olei
1338 3147 1389 3233 ad
1400 3147 1564 3261 pondus
1586 3151 1670 3233 vini
1690 3153 1816 3236 Anti-

246 3264 376 3374 quis,
414 3260 503 3344 fere
537 3259 660 3344 video
690 3262 898 3345 rationem
930 3291 952 3367 9
977 3287 986 3342 :
1024 3290 1073 3343 10
1095 3258 1291 3345 tenuisse:
1312 3259 1366 3344 fic
1386 3264 1429 3345 in
1447 3262 1815 3374 fragmentoquod

250 3376 403 3458 Gakni
422 3371 528 3457 libro
549 3373 597 3457 de
616 3378 781 3488 compofi
795 3373 1000 3457 medicam.
1031 3373 1257 3484 adpensum
1287 3372 1367 3471 est,
1399 3403 1451 3477 72
1473 3376 1556 3458 olei
1576 3373 1726 3471 librae,
1759 3379 1814 3461 80

250 3489 336 3573 vini
355 3483 479 3570 libras
500 3487 713 3571 volumine
735 3508 936 3601 aequant,
967 3485 1068 3569 dum
1089 3485 1183 3570 alibi
1206 3487 1288 3569 olei
1306 3485 1435 3570 librae
1457 3517 1504 3593 9,
1526 3486 1609 3569 tini
1621 3484 1734 3569 libris
1760 3516 1812 3571 ro

245 3626 366 3716 pares
387 3598 503 3698 sunt,
533 3599 575 3684 id
595 3600 712 3715 quod
733 3600 888 3713 ubique
911 3598 1064 3684 codem
1083 3599 1213 3684 modo
1243 3595 1497 3685 observatur.
1586 3597 1683 3683 Olei
1702 3600 1814 3712 apud

249 3743 325 3803 uos
353 3713 517 3827 pondus
547 3714 589 3799 de
620 3715 704 3797 vini
733 3716 915 3798 invicem
935 3711 975 3797 se
995 3711 1148 3799 habere
1176 3731 1224 3802 ut
1255 3719 1437 3818 476:527
1459 3714 1715 3823 experientia
1736 3741 1812 3800 nos

245 3829 402 3923 docet,
433 3855 539 3941 quae
569 3831 676 3913 ratio
706 3827 898 3913 cumbae
920 3833 1059 3937 9:9,96
1082 3826 1171 3912 fere
1192 3828 1404 3911 convenit.
1492 3823 1811 3915 Differentiolae

249 3946 455 4029 rationem
476 3942 659 4050 excusso
680 3941 761 4025 olei
781 3940 967 4052 pondere
988 3939 1166 4026 reddere
1185 3938 1418 4052 possumus,
1447 3960 1493 4023 ut
1513 3939 1697 4050 superius
1718 3966 1813 4026 moa

250 4062 345 4155 nui,
365 4056 482 4169 quod
496 4058 535 4141 in
556 4055 698 4138 calidis
728 4057 846 4138 terris
869 4080 993 4165 quarn
1024 4053 1169 4138 nostris
1190 4051 1247 4136 est
1265 4054 1420 4149 levius,
1439 4080 1534 4136 nam
1563 4055 1667 4137 ae'ris
1698 4055 1812 4140 calo-

251 4200 294 4258 re
314 4171 465 4255 fortius
486 4197 609 4284 quam
630 4196 736 4283 aqua
757 4167 961 4251 dilatatur.
1021 4173 1103 4245 xrit
1123 4169 1247 4278 proin
1267 4165 1499 4252 Drachmis
1522 4167 1810 4267 720,Urarh·

251 4316 351 4370 nram
372 4286 508 4393 granis
532 4315 584 4385 70
604 4281 645 4365 T
641 4279 878 4390 roijenſsbus
898 4279 979 4364 olei
1000 4278 1274 4378 absolvendo,
1304 4281 1411 4364 ratio
1441 4281 1650 4388 gravitatis
1679 4278 1811 4391 speci·

252 4403 349 4488 ficae
372 4398 452 4482 olei
467 4397 865 4511 &aquaemumeris
887 4419 983 4503 9:10
1002 4392 1210 4505 expressa,
1240 4400 1320 4494 χοῦν
1341 4394 1486 4506 Congio
1506 4395 1685 4476 Romana
1704 4394 1810 4479 mul-

184 4564 186 4569 ·
252 4535 295 4600 to
315 4508 516 4619 majorem
535 4508 757 4623 proderet,
788 4508 905 4624 quod
925 4511 1104 4619 cognitis
1119 4511 1300 4595 omnino
1321 4507 1564 4617 refragatur.
1623 4504 1666 4591 Si
1686 4507 1812 4640 proin

1724 4647 1811 4714 76⁰⁰!
