4140 5646
561 264 991 361 Muusuumtum
1020 265 1105 358 ET
1132 267 1484 362 susurrum.
1731 307 1814 393 ,105-

386 487 516 572 Sutor
545 483 664 569 cerdo
693 481 808 566 dedit
826 480 930 581 tibi,
958 483 1072 568 culta
1097 482 1304 582 Bononia,
1333 513 1479 572 manus

327 607 329 611 ’
383 601 510 686 Fullo
530 596 645 684 dedit
663 596 890 681 Mutinae:
919 623 1025 681 nunc
1044 593 1124 681 tibi
1151 615 1275 708 caupo
1295 595 1425 683 dabit.

238 842 404 959 Infigne
423 868 571 930 munus
590 839 906 952 gladiatorium,
943 838 1155 956 quendam
1184 841 1432 940 Vatinium,
1470 839 1649 929 sutrinae
1678 843 1817 930 taber·

240 987 321 1048 nae
342 959 555 1045 alumnum
576 955 741 1040 Neroni
762 951 956 1054 edidiffe‚
984 955 1162 1065 legimus
1181 952 1293 1066 apud
1312 951 1354 1039 T
1348 957 1500 1039 coitum
1521 956 1630 1043 hisce
1649 955 1812 1043 verbis:

240 1075 368 1162 Inter
375 1067 1092 1182 fhedffmaaulaeejusosleatafuit
1102 1068 1714 1176 fictriroaetabernaealumnus‚
1725 1098 1814 1155 cor·

234 1209 342 1306 porc
360 1184 543 1281 detorto,
562 1182 741 1293 facetiis
750 1180 1031 1290 scurrilibus,
1060 1183 1196 1294 primo
1223 1185 1267 1266 in
1286 1184 1554 1266 contumelias
1570 1189 1814 1297 asumptus,

224 1297 389 1411 deinde
408 1297 550 1411 optimi
569 1295 767 1409 crnj‘usque
786 1297 1071 1379 criminatione
1090 1299 1260 1409 eousque
1287 1296 1453 1396 valuit,
1482 1315 1531 1382 ut
1546 1298 1718 1412 gratia,
1737 1301 1814 1409 pe-

242 1416 389 1508 cunia,
419 1407 586 1494 nocendi
604 1410 728 1493 etiam
747 1409 871 1492 malis
883 1409 1199 1523 praeemineret.

303 1525 554 1639 Crispinus,
593 1550 616 1606 a
645 1524 891 1606 Domitiano
920 1521 1153 1618 educatus,
1181 1520 1323 1610 servus
1351 1521 1585 1640 AEgyptius
1615 1521 1695 1612 fuit
1712 1523 1734 1622 ,'
1760 1520 1814 1608 de

243 1668 332 1757 quo
351 1640 409 1727 ita
429 1636 661 1750 Jnuerralis
679 1634 821 1746 Satyr.
846 1666 881 1719 1.
1229 1658 1231 1662 “

386 1883 488 1970 Cum
497 1900 609 1995 pars
626 1874 820 1963 Niliacae
825 1876 1117 2077 flebisscum
1145 1906 1280 1965 verna
1299 1885 1463 1998 canopi,

386 1996 627 2107 Crispinus,
656 1989 807 2103 Drios
854 2021 991 2079 umero
1010 2011 1232 2079 revocante
1261 1996 1451 2081 lacernas

385 2108 609 2207 Ventilet,
647 2106 846 2219 aestivum
875 2107 1022 2223 digitis
1040 2107 1296 2217 sudantibus
1331 2139 1492 2195 aurum.

246 2350 452 2444 Omnium
470 2376 575 2436 vero
594 2348 869 2432 Romanorum
888 2345 1074 2446 divitias,
1104 2348 1272 2457 &nami
1302 2346 1484 2436 tonsoris
1519 2371 1622 2459 opes
1653 2345 1820 2457 supera-

246 2486 425 2564 verunt3
456 2491 544 2581 quo
564 2483 811 2548 tamennon
832 2458 1019 2548 obstante
1039 2463 1083 2547 in
1104 2460 1340 2575 equestrem
1359 2459 1530 2554 censum
1559 2460 1752 2549 detrusus
1775 2460 1818 2547 &

248 2584 291 2670 iu
310 2581 498 2670 Siciliam
514 2578 720 2688 relegatus
740 2571 810 2662 est.
868 2575 937 2660 De
957 2603 1011 2662 eo
1031 2575 1282 2678 Martialis,
1716 2586 1719 2592 “

390 2823 479 2945 Qui
494 2819 644 2927 -tonstor
662 2818 817 2927 suetas
844 2830 936 2900 tota
964 2813 1188 2923 motifflmus
1218 2815 1343 2914 urbe,
1378 2853 1380 2856 ’

440 2932 507 3017 Et
526 2928 690 3043 posthac
717 2927 899 3012 dominae
925 2955 1091 3012 munere
1108 2929 1259 3038 filius
1288 2956 1410 3042 eques
1436 2927 1528 3015 &cz

378 3043 477 3135 Non
498 3043 692 3138 Rhetor‚
731 3066 809 3122 uon
838 3041 1169 3139 Grammaticus,
1199 3041 1368 3126 Ludive
1395 3043 1605 3156 magister,

434 3155 529 3242 Nec
558 3154 766 3265 Cynicus,
805 3180 883 3237 non
913 3169 962 3236 tu
982 3151 1146 3237 Stoicus
1174 3159 1259 3264 esse
1278 3172 1426 3268 potes.-

381 3269 571 3362 Venderc
597 3295 670 3352 nec
688 3293 825 3351 uocem
853 3265 1039 3364 Siculis,
1058 3269 1331 3382 plausumque
1358 3267 1566 3368 theatris,

437 3382 564 3506 Quod
578 3378 762 3493 stuperes
799 3379 952 3465 iterum
982 3375 1158 3488 Cyname
1196 3385 1336 3488 tonsor
1371 3384 1470 3466 eris.

254 3634 321 3728 ut
340 3640 384 3724 in
404 3635 593 3748 eJusdem
610 3633 766 3751 Satyris
786 3636 948 3724 Licinii
967 3634 1120 3725 servuli
1139 3638 1324 3741 mentio,
1352 3661 1480 3751 quem
1501 3630 1821 3725 vetusScholia·

253 3750 332 3841 stes
349 3750 458 3841 adeo
478 3749 707 3866 depercum
726 3747 844 3838 fuisse
863 3750 1056 3866 reliquit,
1086 3773 1133 3839 ut
1143 3749 1213 3837 sua
1222 3751 1418 3838 alimenta
1428 3751 1470 3834 in
1483 3747 1661 3837 foenore
1685 3753 1837 3839 collo··

253 3868 435 3963 caverit,
464 3892 597 3979 eaque
615 3865 788 3950 nomina
808 3864 964 3952 summa
995 3892 1095 3951 cura
1124 3862 1393 3977 pugillaribus
1421 3863 1623 3950 intulerit.
1679 3867 1821 3978 Quae·

252 3976 337 4067 stor
355 3975 538 4093 posthac.
554 3982 599 4064 in
631 3979 778 4063 Gallia
795 3976 952 4078 satius,
971 3977 1052 4086 fibi
1080 4007 1204 4095 agros
1228 3981 1431 4091 paravit,
1462 3994 1660 4093 quantum
1681 3979 1822 4063 Milvi

253 4095 426 4195 volant,
452 4113 501 4179 ut
520 4093 578 4179 ait
598 4089 795 4203 Perstus,
826 4092 1073 4206 agrosenim
1122 4119 1171 4176 ro
1201 4120 1380 4175 nummos
1399 4091 1456 4178 ibi
1477 4091 1618 4202 legere
1637 4111 1823 4207 oportet.

290 4204 537 4295 “Caesarum
553 4205 723 4295 divitias
745 4205 788 4293 ἃ
817 4203 974 4293 sumtus
994 4232 1072 4318 pro
1122 4204 1185 4291 sos
1204 4201 1281 4292 hac
1310 4201 1609 4292 Differtatione
1639 4231 1738 4293 com
1765 4207 1826 4293 le·

254 4316 309 4406 ui
327 4320 451 4407 nimis
470 4319 682 4433 prolixum
701 4315 828 4406 foret.
887 4318 1093 4428 Eusebius
1111 4319 1154 4404 in
1186 4314 1392 4405 chronico
1422 4317 1576 4417 refert,
1608 4321 1712 4406 Clau
1740 4321 1825 4405 ium

254 4433 424 4544 triginta
445 4432 665 4520 hominum
683 4432 842 4530 millia,
870 4459 946 4549 per
979 4461 1024 4518 11
1056 4457 1209 4532 annos,
1239 4431 1293 4519 ad
1313 4433 1590 4520 emittendum
1623 4434 1825 4518 Fucinum

252 4544 390 4638 lacum
410 4544 648 4638 adhibuisse.
707 4541 873 4635 Verum
892 4545 946 4634 de
966 4544 1191 4635 Caesarum
1207 4542 1518 4746 'prgfufionibus
1548 4546 1670 4665 plura·
1691 4548 1737 4630 in
1761 4543 1824 4628 se-

1692 4682 1825 4770 quen·
