<?xml version="1.0" encoding="UTF-8"?>
<!DOCTYPE html PUBLIC "-//W3C//DTD XHTML 1.0 Transitional//EN"
    "http://www.w3.org/TR/xhtml1/DTD/xhtml1-transitional.dtd">
<html xmlns="http://www.w3.org/1999/xhtml" xml:lang="en" lang="en">
 <head>
  <title>
</title>
<meta http-equiv="Content-Type" content="text/html;charset=utf-8" />
  <meta name='ocr-system' content='tesseract 3.04.00' />
  <meta name='ocr-capabilities' content='ocr_page ocr_carea ocr_par ocr_line ocrx_word'/>
</head>
<body>
  <div class='ocr_page' id='page_1' title='image "./caroliarbuthnot00arbugoog_0101.png"; bbox 0 0 4140 5646; ppageno 0'>
   <div class='ocr_carea' id='block_1_1' title="bbox 399 294 1755 419">
    <p class='ocr_par' dir='ltr' id='par_1_1' title="bbox 399 294 1755 419">
     <span class='ocr_line' id='line_1_1' title="bbox 399 294 1755 419; baseline -0.012 -16"><span class='ocrx_word' id='word_1_1' title='bbox 399 314 462 419; x_wconf 72' lang='lat'><em>78</em></span> <span class='ocrx_word' id='word_1_2' title='bbox 625 294 939 393; x_wconf 76' lang='lat' dir='ltr'><em>rnnuLAE</em></span> <span class='ocrx_word' id='word_1_3' title='bbox 970 299 1211 416; x_wconf 78' lang='lat' dir='ltr'><em>nnTtQ.</em></span> <span class='ocrx_word' id='word_1_4' title='bbox 1241 296 1755 390; x_wconf 78' lang='lat' dir='ltr'><em>numrsnnrun</em></span> 
     </span>
    </p>
   </div>
   <div class='ocr_carea' id='block_1_2' title="bbox 348 509 2027 1297">
    <p class='ocr_par' dir='ltr' id='par_1_2' title="bbox 348 509 2027 1297">
     <span class='ocr_line' id='line_1_2' title="bbox 397 509 1987 633; baseline -0.003 -25"><span class='ocrx_word' id='word_1_5' title='bbox 397 524 508 608; x_wconf 85' lang='lat' dir='ltr'><em>deta</em></span> <span class='ocrx_word' id='word_1_6' title='bbox 538 537 682 605; x_wconf 85' lang='lat' dir='ltr'><em>curate</em></span> <span class='ocrx_word' id='word_1_7' title='bbox 709 518 954 633; x_wconf 85' lang='lat' dir='ltr'><em>sequuntur.</em></span> <span class='ocrx_word' id='word_1_8' title='bbox 988 545 1033 599; x_wconf 91' lang='lat'><em>11</em></span> <span class='ocrx_word' id='word_1_9' title='bbox 1068 517 1180 601; x_wconf 89' lang='lat' dir='ltr'><em>enim</em></span> <span class='ocrx_word' id='word_1_10' title='bbox 1209 512 1405 613; x_wconf 83' lang='lat' dir='ltr'><em>Unciae,</em></span> <span class='ocrx_word' id='word_1_11' title='bbox 1446 544 1469 594; x_wconf 93' lang='lat'><em>2</em></span> <span class='ocrx_word' id='word_1_12' title='bbox 1506 509 1726 626; x_wconf 87' lang='lat' dir='ltr'><em>Scripula‚</em></span> <span class='ocrx_word' id='word_1_13' title='bbox 1768 541 1787 596; x_wconf 94' lang='lat'>1</span> <span class='ocrx_word' id='word_1_14' title='bbox 1820 513 1987 605; x_wconf 85' lang='lat' dir='ltr'><em>Obolus</em></span> 
     </span>
     <span class='ocr_line' id='line_1_3' title="bbox 397 624 1987 748; baseline -0.001 -27"><span class='ocrx_word' id='word_1_15' title='bbox 397 664 507 721; x_wconf 89' lang='lat' dir='ltr'><em>cum</em></span> <span class='ocrx_word' id='word_1_16' title='bbox 531 663 549 716; x_wconf 95' lang='lat'>1</span> <span class='ocrx_word' id='word_1_17' title='bbox 574 632 755 748; x_wconf 85' lang='lat' dir='ltr'><em>Siliqua,</em></span> <span class='ocrx_word' id='word_1_18' title='bbox 785 632 945 718; x_wconf 87' lang='lat' dir='ltr'><em>faciunt</em></span> <span class='ocrx_word' id='word_1_19' title='bbox 972 636 1079 715; x_wconf 89' lang='lat'>1600</span> <span class='ocrx_word' id='word_1_20' title='bbox 1102 630 1184 714; x_wconf 86' lang='lat' dir='ltr'><em>Sili</em></span> <span class='ocrx_word' id='word_1_21' title='bbox 1215 661 1315 725; x_wconf 86' lang='lat' dir='ltr'><em>uas;</em></span> <span class='ocrx_word' id='word_1_22' title='bbox 1340 659 1391 713; x_wconf 92' lang='lat'><em>10</em></span> <span class='ocrx_word' id='word_1_23' title='bbox 1410 625 1572 713; x_wconf 84' lang='lat' dir='ltr'><em>Unciae</em></span> <span class='ocrx_word' id='word_1_24' title='bbox 1593 624 1851 713; x_wconf 90' lang='lat' dir='ltr'><em>constituunt</em></span> <span class='ocrx_word' id='word_1_25' title='bbox 1876 660 1987 740; x_wconf 88' lang='lat'>1440</span> 
     </span>
     <span class='ocr_line' id='line_1_4' title="bbox 348 661 2027 862; baseline -0.002 -29"><span class='ocrx_word' id='word_1_26' title='bbox 348 742 352 755; x_wconf 79' lang='grc'><strong><em>’</em></strong></span> <span class='ocrx_word' id='word_1_27' title='bbox 409 751 633 862; x_wconf 76' lang='lat' dir='ltr'><em>Siliquae,</em></span> <span class='ocrx_word' id='word_1_28' title='bbox 664 751 738 861; x_wconf 92' lang='lat' dir='ltr'><em>qui</em></span> <span class='ocrx_word' id='word_1_29' title='bbox 768 748 932 831; x_wconf 91' lang='lat' dir='ltr'><em>numeri</em></span> <span class='ocrx_word' id='word_1_30' title='bbox 961 772 1036 856; x_wconf 91' lang='lat' dir='ltr'><em>per</em></span> <span class='ocrx_word' id='word_1_31' title='bbox 1071 752 1149 828; x_wconf 90' lang='lat'><em>160</em></span> <span class='ocrx_word' id='word_1_32' title='bbox 1171 661 1323 840; x_wconf 77' lang='lat' dir='ltr'><em>divin,</em></span> <span class='ocrx_word' id='word_1_33' title='bbox 1360 742 1568 825; x_wconf 81' lang='lat' dir='ltr'><em>tationem</em></span> <span class='ocrx_word' id='word_1_34' title='bbox 1600 766 1657 850; x_wconf 89' lang='lat'><em>9:</em></span> <span class='ocrx_word' id='word_1_35' title='bbox 1704 770 1757 823; x_wconf 94' lang='lat'><em>10</em></span> <span class='ocrx_word' id='word_1_36' title='bbox 1784 743 1986 853; x_wconf 88' lang='lat' dir='ltr'><em>produnt.</em></span> <span class='ocrx_word' id='word_1_37' title='bbox 2010 780 2027 813; x_wconf 76' lang='grc' dir='ltr'><strong>ο</strong></span> 
     </span>
     <span class='ocr_line' id='line_1_5' title="bbox 407 856 1985 974; baseline -0.004 -24"><span class='ocrx_word' id='word_1_38' title='bbox 407 862 511 950; x_wconf 87' lang='lat' dir='ltr'><em>Vini</em></span> <span class='ocrx_word' id='word_1_39' title='bbox 532 862 697 974; x_wconf 85' lang='lat' dir='ltr'><em>pondus</em></span> <span class='ocrx_word' id='word_1_40' title='bbox 708 860 837 969; x_wconf 52' lang='lat' dir='ltr'><em>homa</em></span> <span class='ocrx_word' id='word_1_41' title='bbox 859 861 1015 942; x_wconf 88' lang='lat' dir='ltr'><em>Galeno</em></span> <span class='ocrx_word' id='word_1_42' title='bbox 1035 856 1290 971; x_wconf 89' lang='lat' dir='ltr'><em>descriptum</em></span> <span class='ocrx_word' id='word_1_43' title='bbox 1304 856 1474 939; x_wconf 81' lang='lat' dir='ltr'><em>Libram</em></span> <span class='ocrx_word' id='word_1_44' title='bbox 1484 857 1753 962; x_wconf 83' lang='lat' dir='ltr'><em>mensuralem</em></span> <span class='ocrx_word' id='word_1_45' title='bbox 1774 856 1874 964; x_wconf 90' lang='lat' dir='ltr'><em>poll.</em></span> <span class='ocrx_word' id='word_1_46' title='bbox 1887 856 1985 945; x_wconf 90' lang='lat' dir='ltr'><em>cub.</em></span> 
     </span>
     <span class='ocr_line' id='line_1_6' title="bbox 407 966 1986 1087; baseline -0.001 -28"><span class='ocrx_word' id='word_1_47' title='bbox 407 978 562 1087; x_wconf 86' lang='lat'><em>·19,085</em></span> <span class='ocrx_word' id='word_1_48' title='bbox 584 975 706 1073; x_wconf 86' lang='lat' dir='ltr'><em>facit,</em></span> <span class='ocrx_word' id='word_1_49' title='bbox 736 972 898 1058; x_wconf 83' lang='lat' dir='ltr'><em>nostrae</em></span> <span class='ocrx_word' id='word_1_50' title='bbox 919 972 1066 1057; x_wconf 84' lang='lat' dir='ltr'><em>Pintae</em></span> <span class='ocrx_word' id='word_1_51' title='bbox 1099 1004 1117 1075; x_wconf 84' lang='lat'>3</span> <span class='ocrx_word' id='word_1_52' title='bbox 1152 974 1307 1085; x_wconf 84' lang='lat' dir='ltr'><em>quartis</em></span> <span class='ocrx_word' id='word_1_53' title='bbox 1327 966 1545 1083; x_wconf 89' lang='lat' dir='ltr'><em>partibus,</em></span> <span class='ocrx_word' id='word_1_54' title='bbox 1575 996 1657 1082; x_wconf 82' lang='lat' dir='ltr'><em>qua</em></span> <span class='ocrx_word' id='word_1_55' title='bbox 1685 969 1831 1055; x_wconf 90' lang='lat' dir='ltr'><em>vinum</em></span> <span class='ocrx_word' id='word_1_56' title='bbox 1861 972 1986 1058; x_wconf 91' lang='lat' dir='ltr'><em>meti·</em></span> 
     </span>
     <span class='ocr_line' id='line_1_7' title="bbox 406 1080 1985 1201; baseline -0.003 -26"><span class='ocrx_word' id='word_1_57' title='bbox 406 1117 524 1186; x_wconf 91' lang='lat' dir='ltr'><em>mur,</em></span> <span class='ocrx_word' id='word_1_58' title='bbox 552 1090 676 1201; x_wconf 91' lang='lat' dir='ltr'><em>paulo</em></span> <span class='ocrx_word' id='word_1_59' title='bbox 697 1090 918 1171; x_wconf 89' lang='lat' dir='ltr'>minorem.</span> <span class='ocrx_word' id='word_1_60' title='bbox 1006 1084 1118 1197; x_wconf 83' lang='lat' dir='ltr'><strong>Quia</strong></span> <span class='ocrx_word' id='word_1_61' title='bbox 1139 1112 1241 1172; x_wconf 91' lang='lat' dir='ltr'><em>vero</em></span> <span class='ocrx_word' id='word_1_62' title='bbox 1259 1109 1406 1196; x_wconf 85' lang='lat' dir='ltr'><em>parum</em></span> <span class='ocrx_word' id='word_1_63' title='bbox 1427 1080 1500 1167; x_wconf 86' lang='lat' dir='ltr'><em>fibi</em></span> <span class='ocrx_word' id='word_1_64' title='bbox 1520 1080 1744 1169; x_wconf 89' lang='lat' dir='ltr'><em>constitere</em></span> <span class='ocrx_word' id='word_1_65' title='bbox 1774 1087 1985 1173; x_wconf 86' lang='lat' dir='ltr'><em>Romanae</em></span> 
     </span>
     <span class='ocr_line' id='line_1_8' title="bbox 407 1192 1984 1297; baseline -0.002 -9"><span class='ocrx_word' id='word_1_66' title='bbox 407 1202 649 1297; x_wconf 83' lang='lat' dir='ltr'><strong>mensurae,</strong></span> <span class='ocrx_word' id='word_1_67' title='bbox 682 1199 828 1285; x_wconf 85' lang='lat' dir='ltr'><em>Unciis</em></span> <span class='ocrx_word' id='word_1_68' title='bbox 858 1202 980 1284; x_wconf 89' lang='lat' dir='ltr'><em>initio</em></span> <span class='ocrx_word' id='word_1_69' title='bbox 1010 1197 1216 1283; x_wconf 86' lang='lat' dir='ltr'>duodenis</span> <span class='ocrx_word' id='word_1_70' title='bbox 1237 1192 1450 1285; x_wconf 82' lang='lat' dir='ltr'><em>exornaffe</em></span> <span class='ocrx_word' id='word_1_71' title='bbox 1472 1196 1648 1279; x_wconf 86' lang='lat' dir='ltr'><em>Libram</em></span> <span class='ocrx_word' id='word_1_72' title='bbox 1668 1196 1865 1282; x_wconf 91' lang='lat' dir='ltr'><em>videntur</em></span> <span class='ocrx_word' id='word_1_73' title='bbox 1890 1234 1904 1297; x_wconf 71' lang='grc' dir='ltr'><strong>ς</strong></span> <span class='ocrx_word' id='word_1_74' title='bbox 1935 1220 1984 1285; x_wconf 84' lang='lat' dir='ltr'><em>ut</em></span> 
     </span>
    </p>
   </div>
   <div class='ocr_carea' id='block_1_3' title="bbox 267 1307 1984 1426">
    <p class='ocr_par' dir='ltr' id='par_1_3' title="bbox 267 1307 1984 1426">
     <span class='ocr_line' id='line_1_9' title="bbox 267 1307 1984 1426; baseline 0.002 -31"><span class='ocrx_word' id='word_1_75' title='bbox 267 1410 272 1423; x_wconf 27' lang='grc' dir='ltr'>ι</span> <span class='ocrx_word' id='word_1_76' title='bbox 407 1315 582 1419; x_wconf 87' lang='lat' dir='ltr'>pollices</span> <span class='ocrx_word' id='word_1_77' title='bbox 602 1314 774 1399; x_wconf 89' lang='lat' dir='ltr'><em>cubicos</em></span> <span class='ocrx_word' id='word_1_78' title='bbox 795 1321 911 1412; x_wconf 86' lang='lat'>20‚6</span> <span class='ocrx_word' id='word_1_79' title='bbox 919 1343 967 1396; x_wconf 87' lang='lat'><em>12</em></span> <span class='ocrx_word' id='word_1_80' title='bbox 989 1310 1309 1424; x_wconf 77' lang='lat' dir='ltr'><em>adipisceretur,</em></span> <span class='ocrx_word' id='word_1_81' title='bbox 1320 1310 1522 1397; x_wconf 79' lang='lat' dir='ltr'>summam</span> <span class='ocrx_word' id='word_1_82' title='bbox 1534 1307 1584 1394; x_wconf 86' lang='lat' dir='ltr'><em>ab</em></span> <span class='ocrx_word' id='word_1_83' title='bbox 1595 1308 1663 1396; x_wconf 83' lang='lat' dir='ltr'><em>illa</em></span> <span class='ocrx_word' id='word_1_84' title='bbox 1682 1309 1845 1398; x_wconf 80' lang='lat' dir='ltr'><em>nonnisi</em></span> <span class='ocrx_word' id='word_1_85' title='bbox 1864 1342 1882 1395; x_wconf 94' lang='lat'>1</span> <span class='ocrx_word' id='word_1_86' title='bbox 1886 1314 1984 1426; x_wconf 87' lang='lat' dir='ltr'><em>pol·</em></span> 
     </span>
    </p>
   </div>
   <div class='ocr_carea' id='block_1_4' title="bbox 400 1406 1225 1540">
    <p class='ocr_par' dir='ltr' id='par_1_4' title="bbox 400 1406 1225 1540">
     <span class='ocr_line' id='line_1_10' title="bbox 400 1406 1225 1540; baseline -0.001 -28"><span class='ocrx_word' id='word_1_87' title='bbox 400 1406 487 1512; x_wconf 75' lang='lat' dir='ltr'><em>iice</em></span> <span class='ocrx_word' id='word_1_88' title='bbox 510 1428 586 1527; x_wconf 81' lang='lat' dir='ltr'><em>de,</em></span> <span class='ocrx_word' id='word_1_89' title='bbox 616 1458 697 1535; x_wconf 87' lang='lat'><em>527</em></span> <span class='ocrx_word' id='word_1_90' title='bbox 731 1426 915 1540; x_wconf 80' lang='lat' dir='ltr'><em>partibus</em></span> <span class='ocrx_word' id='word_1_91' title='bbox 946 1421 1225 1512; x_wconf 86' lang='lat' dir='ltr'><em>differentem.</em></span> 
     </span>
    </p>
   </div>
   <div class='ocr_carea' id='block_1_5' title="bbox 517 1692 1877 1875">
    <p class='ocr_par' dir='ltr' id='par_1_5' title="bbox 517 1692 1877 1875">
     <span class='ocr_line' id='line_1_11' title="bbox 517 1692 1877 1875; baseline -0.001 -41"><span class='ocrx_word' id='word_1_92' title='bbox 517 1705 621 1834; x_wconf 89' lang='lat' dir='ltr'><em>De</em></span> <span class='ocrx_word' id='word_1_93' title='bbox 648 1706 828 1833; x_wconf 82' lang='lat' dir='ltr'><em>Rom</em></span> <span class='ocrx_word' id='word_1_94' title='bbox 844 1740 1185 1835; x_wconf 80' lang='lat' dir='ltr'><em>Anonom</em></span> <span class='ocrx_word' id='word_1_95' title='bbox 1211 1703 1505 1875; x_wconf 81' lang='lat' dir='ltr'><em>Mensnrir</em></span> <span class='ocrx_word' id='word_1_96' title='bbox 1536 1692 1877 1833; x_wconf 76' lang='lat' dir='ltr'><em>Arielornm.</em></span> 
     </span>
    </p>
   </div>
   <div class='ocr_carea' id='block_1_6' title="bbox 399 1970 1983 2541">
    <p class='ocr_par' dir='ltr' id='par_1_6' title="bbox 399 1970 1983 2541">
     <span class='ocr_line' id='line_1_12' title="bbox 531 1970 1982 2090; baseline 0.006 -33"><span class='ocrx_word' id='word_1_97' title='bbox 531 1976 667 2072; x_wconf 86' lang='lat' dir='ltr'><em>odins,</em></span> <span class='ocrx_word' id='word_1_98' title='bbox 684 1977 834 2060; x_wconf 73' lang='lat' dir='ltr'><em>Plinio</em></span> <span class='ocrx_word' id='word_1_99' title='bbox 854 2000 1157 2090; x_wconf 77' lang='lat' dir='ltr'><em>nonnunquam</em></span> <span class='ocrx_word' id='word_1_100' title='bbox 1180 1973 1393 2072; x_wconf 83' lang='lat' dir='ltr'><em>Medium,</em></span> <span class='ocrx_word' id='word_1_101' title='bbox 1413 2002 1437 2059; x_wconf 85' lang='lat' dir='ltr'>a</span> <span class='ocrx_word' id='word_1_102' title='bbox 1455 1971 1596 2057; x_wconf 85' lang='lat' dir='ltr'><em>modus</em></span> <span class='ocrx_word' id='word_1_103' title='bbox 1614 1970 1982 2077; x_wconf 81' lang='lat' dir='ltr'><em>derivatus,men·</em></span> 
     </span>
     <span class='ocr_line' id='line_1_13' title="bbox 407 1984 1983 2213; baseline 0.005 -44"><span class='ocrx_word' id='word_1_104' title='bbox 407 1984 529 2187; x_wconf 85' lang='lat' dir='ltr'>M</span> <span class='ocrx_word' id='word_1_105' title='bbox 555 2087 646 2174; x_wconf 82' lang='lat' dir='ltr'><em>suta</em></span> <span class='ocrx_word' id='word_1_106' title='bbox 666 2110 755 2173; x_wconf 82' lang='lat' dir='ltr'><em>erat</em></span> <span class='ocrx_word' id='word_1_107' title='bbox 775 2117 853 2201; x_wconf 92' lang='lat' dir='ltr'><em>pro</em></span> <span class='ocrx_word' id='word_1_108' title='bbox 873 2088 1157 2175; x_wconf 79' lang='lat' dir='ltr'>mensurandis</span> <span class='ocrx_word' id='word_1_109' title='bbox 1176 2088 1300 2175; x_wconf 88' lang='lat' dir='ltr'><em>rebus</em></span> <span class='ocrx_word' id='word_1_110' title='bbox 1317 2086 1455 2173; x_wconf 85' lang='lat' dir='ltr'><em>aridis.</em></span> <span class='ocrx_word' id='word_1_111' title='bbox 1513 2087 1596 2171; x_wconf 89' lang='lat' dir='ltr'><em>Am</em></span> <span class='ocrx_word' id='word_1_112' title='bbox 1624 2085 1748 2174; x_wconf 83' lang='lat' dir='ltr'><em>borae</em></span> <span class='ocrx_word' id='word_1_113' title='bbox 1766 2089 1835 2175; x_wconf 93' lang='lat' dir='ltr'><em>vel</em></span> <span class='ocrx_word' id='word_1_114' title='bbox 1864 2090 1983 2213; x_wconf 71' lang='lat' dir='ltr'><em>Qu·</em></span> 
     </span>
     <span class='ocr_line' id='line_1_14' title="bbox 407 2200 1981 2315; baseline 0.008 -37"><span class='ocrx_word' id='word_1_115' title='bbox 407 2202 623 2284; x_wconf 79' lang='lat' dir='ltr'><em>lraoralis</em></span> <span class='ocrx_word' id='word_1_116' title='bbox 651 2206 819 2288; x_wconf 79' lang='lat' dir='ltr'><em>tertiam</em></span> <span class='ocrx_word' id='word_1_117' title='bbox 848 2224 1010 2315; x_wconf 82' lang='lat' dir='ltr'><em>partem</em></span> <span class='ocrx_word' id='word_1_118' title='bbox 1039 2201 1191 2302; x_wconf 73' lang='lat' dir='ltr'><em>fuisse,</em></span> <span class='ocrx_word' id='word_1_119' title='bbox 1231 2202 1290 2288; x_wconf 92' lang='lat' dir='ltr'><em>est</em></span> <span class='ocrx_word' id='word_1_120' title='bbox 1326 2200 1438 2315; x_wconf 82' lang='lat' dir='ltr'><em>apud</em></span> <span class='ocrx_word' id='word_1_121' title='bbox 1467 2203 1575 2285; x_wconf 88' lang='lat' dir='ltr'><em>Volu</em></span> <span class='ocrx_word' id='word_1_122' title='bbox 1591 2225 1674 2284; x_wconf 84' lang='lat' dir='ltr'><em>eum</em></span> <span class='ocrx_word' id='word_1_123' title='bbox 1703 2206 1981 2291; x_wconf 75' lang='lat' dir='ltr'><em>Mattianum</em></span> 
     </span>
     <span class='ocr_line' id='line_1_15' title="bbox 408 2311 1982 2429; baseline 0.008 -36"><span class='ocrx_word' id='word_1_124' title='bbox 408 2311 783 2420; x_wconf 86' lang='lat' dir='ltr'><em>Quemadmodum</em></span> <span class='ocrx_word' id='word_1_125' title='bbox 804 2344 908 2399; x_wconf 90' lang='lat' dir='ltr'><em>vero</em></span> <span class='ocrx_word' id='word_1_126' title='bbox 931 2316 1102 2400; x_wconf 85' lang='lat' dir='ltr'><em>Medius</em></span> <span class='ocrx_word' id='word_1_127' title='bbox 1120 2317 1356 2429; x_wconf 84' lang='lat' dir='ltr'><em>Amphorae</em></span> <span class='ocrx_word' id='word_1_128' title='bbox 1375 2316 1498 2401; x_wconf 83' lang='lat' dir='ltr'><em>tertia</em></span> <span class='ocrx_word' id='word_1_129' title='bbox 1517 2340 1634 2425; x_wconf 74' lang='lat' dir='ltr'><em>patu,</em></span> <span class='ocrx_word' id='word_1_130' title='bbox 1663 2315 1721 2401; x_wconf 85' lang='lat' dir='ltr'><em>ita</em></span> <span class='ocrx_word' id='word_1_131' title='bbox 1750 2315 1854 2401; x_wconf 83' lang='lat' dir='ltr'><em>haec</em></span> <span class='ocrx_word' id='word_1_132' title='bbox 1884 2318 1982 2425; x_wconf 53' lang='grc' dir='ltr'><em>Μὴ</em></span> 
     </span>
     <span class='ocr_line' id='line_1_16' title="bbox 399 2425 1894 2541; baseline 0.012 -42"><span class='ocrx_word' id='word_1_133' title='bbox 399 2425 536 2507; x_wconf 76' lang='lat' dir='ltr'><em>¹elimni</em></span> <span class='ocrx_word' id='word_1_134' title='bbox 554 2425 728 2511; x_wconf 81' lang='lat' dir='ltr'><em>dimidia</em></span> <span class='ocrx_word' id='word_1_135' title='bbox 745 2428 839 2513; x_wconf 86' lang='lat' dir='ltr'><em>fuit.</em></span> <span class='ocrx_word' id='word_1_136' title='bbox 899 2428 1128 2514; x_wconf 83' lang='lat' dir='ltr'><em>Rbemnius</em></span> <span class='ocrx_word' id='word_1_137' title='bbox 1146 2431 1191 2515; x_wconf 90' lang='lat' dir='ltr'><em>F</em></span> <span class='ocrx_word' id='word_1_138' title='bbox 1187 2431 1337 2515; x_wconf 81' lang='lat' dir='ltr'><em>annius</em></span> <span class='ocrx_word' id='word_1_139' title='bbox 1354 2429 1413 2514; x_wconf 77' lang='lat' dir='ltr'><em>ita</em></span> <span class='ocrx_word' id='word_1_140' title='bbox 1432 2427 1488 2515; x_wconf 86' lang='lat' dir='ltr'><em>de</em></span> <span class='ocrx_word' id='word_1_141' title='bbox 1507 2427 1721 2541; x_wconf 79' lang='lat' dir='ltr'><em>Amphora</em></span> <span class='ocrx_word' id='word_1_142' title='bbox 1738 2429 1894 2519; x_wconf 79' lang='lat' dir='ltr'><strong>scribit.</strong></span> 
     </span>
    </p>
   </div>
   <div class='ocr_carea' id='block_1_7' title="bbox 525 2652 1680 2966">
    <p class='ocr_par' dir='ltr' id='par_1_7' title="bbox 525 2652 1680 2966">
     <span class='ocr_line' id='line_1_17' title="bbox 525 2652 1596 2770; baseline 0.003 -33"><span class='ocrx_word' id='word_1_143' title='bbox 525 2652 672 2763; x_wconf 84' lang='lat' dir='ltr'><em>Hujus</em></span> <span class='ocrx_word' id='word_1_144' title='bbox 693 2653 904 2739; x_wconf 85' lang='lat' dir='ltr'><em>dimidium</em></span> <span class='ocrx_word' id='word_1_145' title='bbox 913 2659 1012 2764; x_wconf 85' lang='lat' dir='ltr'><em>fert</em></span> <span class='ocrx_word' id='word_1_146' title='bbox 1031 2654 1180 2756; x_wconf 78' lang='lat' dir='ltr'><em>Urna,</em></span> <span class='ocrx_word' id='word_1_147' title='bbox 1211 2658 1254 2747; x_wconf 67' lang='lat' dir='ltr'>m</span> <span class='ocrx_word' id='word_1_148' title='bbox 1274 2660 1365 2770; x_wconf 77' lang='lat' dir='ltr'><em>ipste</em></span> <span class='ocrx_word' id='word_1_149' title='bbox 1385 2654 1596 2740; x_wconf 82' lang='lat' dir='ltr'><em>Medimni</em></span> 
     </span>
     <span class='ocr_line' id='line_1_18' title="bbox 526 2766 1680 2883; baseline 0.004 -33"><span class='ocrx_word' id='word_1_150' title='bbox 526 2766 763 2877; x_wconf 83' lang='lat' dir='ltr'><em>Amphora,</em></span> <span class='ocrx_word' id='word_1_151' title='bbox 775 2786 922 2881; x_wconf 87' lang='lat' dir='ltr'><em>terque</em></span> <span class='ocrx_word' id='word_1_152' title='bbox 943 2772 1056 2883; x_wconf 78' lang='lat' dir='ltr'><em>capit</em></span> <span class='ocrx_word' id='word_1_153' title='bbox 1074 2769 1287 2857; x_wconf 83' lang='lat' dir='ltr'><em>Modiam:</em></span> <span class='ocrx_word' id='word_1_154' title='bbox 1320 2768 1545 2857; x_wconf 74' lang='lat' dir='ltr'><em>Sertorius</em></span> <span class='ocrx_word' id='word_1_155' title='bbox 1562 2768 1680 2882; x_wconf 76' lang='lat' dir='ltr'><em>istum</em></span> 
     </span>
     <span class='ocr_line' id='line_1_19' title="bbox 526 2879 924 2966; baseline 0.005 -4"><span class='ocrx_word' id='word_1_156' title='bbox 526 2879 560 2962; x_wconf 91' lang='lat' dir='ltr'><em>S</em></span> <span class='ocrx_word' id='word_1_157' title='bbox 559 2879 745 2966; x_wconf 83' lang='lat' dir='ltr'><em>exdeeies</em></span> <span class='ocrx_word' id='word_1_158' title='bbox 765 2880 924 2965; x_wconf 72' lang='lat' dir='ltr'><em>haurit.</em></span> 
     </span>
    </p>
   </div>
   <div class='ocr_carea' id='block_1_8' title="bbox 376 3098 1982 4020">
    <p class='ocr_par' dir='ltr' id='par_1_8' title="bbox 376 3098 1982 4020">
     <span class='ocr_line' id='line_1_20' title="bbox 455 3098 1982 3223; baseline 0.011 -39"><span class='ocrx_word' id='word_1_159' title='bbox 455 3098 678 3190; x_wconf 88' lang='lat' dir='ltr'><em>&#39;Triticum</em></span> <span class='ocrx_word' id='word_1_160' title='bbox 700 3108 908 3192; x_wconf 85' lang='lat' dir='ltr'><em>Gallicum</em></span> <span class='ocrx_word' id='word_1_161' title='bbox 927 3131 1053 3223; x_wconf 86' lang='lat' dir='ltr'><em>atque</em></span> <span class='ocrx_word' id='word_1_162' title='bbox 1071 3138 1097 3196; x_wconf 93' lang='lat' dir='ltr'><em>e</em></span> <span class='ocrx_word' id='word_1_163' title='bbox 1118 3110 1360 3221; x_wconf 83' lang='lat' dir='ltr'><em>Chersoneso</em></span> <span class='ocrx_word' id='word_1_164' title='bbox 1379 3106 1600 3199; x_wconf 69' lang='lat' dir='ltr'><em>edredum</em></span> <span class='ocrx_word' id='word_1_165' title='bbox 1619 3108 1809 3199; x_wconf 87' lang='lat' dir='ltr'><em>omnium</em></span> <span class='ocrx_word' id='word_1_166' title='bbox 1824 3104 1982 3201; x_wconf 83' lang='lat' dir='ltr'><em>lerissi·</em></span> 
     </span>
     <span class='ocr_line' id='line_1_21' title="bbox 400 3214 1982 3336; baseline 0.009 -40"><span class='ocrx_word' id='word_1_167' title='bbox 400 3238 523 3298; x_wconf 81' lang='lat' dir='ltr'><em>mum</em></span> <span class='ocrx_word' id='word_1_168' title='bbox 542 3214 683 3317; x_wconf 83' lang='lat' dir='ltr'><em>fuiffe,</em></span> <span class='ocrx_word' id='word_1_169' title='bbox 713 3218 853 3305; x_wconf 89' lang='lat' dir='ltr'><em>scribit</em></span> <span class='ocrx_word' id='word_1_170' title='bbox 874 3224 1049 3306; x_wconf 85' lang='lat' dir='ltr'><em>Plinius</em></span> <span class='ocrx_word' id='word_1_171' title='bbox 1067 3224 1138 3308; x_wconf 85' lang='lat' dir='ltr'><em>lib.</em></span> <span class='ocrx_word' id='word_1_172' title='bbox 1162 3226 1225 3309; x_wconf 91' lang='lat'><em>18.</em></span> <span class='ocrx_word' id='word_1_173' title='bbox 1255 3255 1302 3311; x_wconf 89' lang='lat' dir='ltr'><em>ca</em></span> <span class='ocrx_word' id='word_1_174' title='bbox 1332 3290 1341 3308; x_wconf 91' lang='lat'><strong><em>.</em></strong></span> <span class='ocrx_word' id='word_1_175' title='bbox 1367 3252 1405 3329; x_wconf 89' lang='lat'><em>7.</em></span> <span class='ocrx_word' id='word_1_176' title='bbox 1426 3223 1481 3310; x_wconf 90' lang='lat' dir='ltr'><em>de</em></span> <span class='ocrx_word' id='word_1_177' title='bbox 1508 3224 1654 3336; x_wconf 87' lang='lat' dir='ltr'><em>pretiis</em></span> <span class='ocrx_word' id='word_1_178' title='bbox 1681 3223 1785 3311; x_wconf 81' lang='lat' dir='ltr'><em>vetii</em></span> <span class='ocrx_word' id='word_1_179' title='bbox 1812 3225 1982 3336; x_wconf 79' lang='lat' dir='ltr'><em>generis</em></span> 
     </span>
     <span class='ocr_line' id='line_1_22' title="bbox 376 3245 1981 3444; baseline 0.01 -37"><span class='ocrx_word' id='word_1_180' title='bbox 376 3326 382 3337; x_wconf 76' lang='grc'>’</span> <span class='ocrx_word' id='word_1_181' title='bbox 406 3326 539 3412; x_wconf 86' lang='lat' dir='ltr'><em>tritici</em></span> <span class='ocrx_word' id='word_1_182' title='bbox 555 3329 759 3444; x_wconf 74' lang='lat' dir='ltr'><em>·loquen3‚</em></span> <span class='ocrx_word' id='word_1_183' title='bbox 786 3360 883 3420; x_wconf 90' lang='lat' dir='ltr'><em>cum</em></span> <span class='ocrx_word' id='word_1_184' title='bbox 904 3367 959 3418; x_wconf 88' lang='lat'><em>20</em></span> <span class='ocrx_word' id='word_1_185' title='bbox 991 3336 1140 3422; x_wconf 80' lang='lat' dir='ltr'><em>Libras</em></span> <span class='ocrx_word' id='word_1_186' title='bbox 1167 3339 1211 3421; x_wconf 92' lang='lat' dir='ltr'><em>in</em></span> <span class='ocrx_word' id='word_1_187' title='bbox 1240 3245 1430 3423; x_wconf 47' lang='lat' dir='ltr'><em>idolium</em></span> <span class='ocrx_word' id='word_1_188' title='bbox 1458 3364 1544 3424; x_wconf 93' lang='lat' dir='ltr'><em>non</em></span> <span class='ocrx_word' id='word_1_189' title='bbox 1571 3336 1816 3425; x_wconf 78' lang='lat' dir='ltr'><em>excederet</em></span> <span class='ocrx_word' id='word_1_190' title='bbox 1875 3334 1981 3423; x_wconf 84' lang='lat' dir='ltr'><em>Sar·</em></span> 
     </span>
     <span class='ocr_line' id='line_1_23' title="bbox 406 3438 1981 3557; baseline 0.01 -36"><span class='ocrx_word' id='word_1_191' title='bbox 406 3438 500 3523; x_wconf 87' lang='lat' dir='ltr'><em>dum</em></span> <span class='ocrx_word' id='word_1_192' title='bbox 529 3464 618 3528; x_wconf 75' lang='lat' dir='ltr'><em>erut</em></span> <span class='ocrx_word' id='word_1_193' title='bbox 648 3445 813 3531; x_wconf 86' lang='lat' dir='ltr'><em>Selibra</em></span> <span class='ocrx_word' id='word_1_194' title='bbox 841 3451 1037 3557; x_wconf 79' lang='lat' dir='ltr'><em>gravius,</em></span> <span class='ocrx_word' id='word_1_195' title='bbox 1077 3451 1414 3537; x_wconf 85' lang='lat' dir='ltr'><em>Alexandrinum</em></span> <span class='ocrx_word' id='word_1_196' title='bbox 1431 3480 1536 3538; x_wconf 89' lang='lat' dir='ltr'><em>vero</em></span> <span class='ocrx_word' id='word_1_197' title='bbox 1566 3449 1611 3535; x_wconf 80' lang='lat' dir='ltr'><em>de</em></span> <span class='ocrx_word' id='word_1_198' title='bbox 1640 3451 1827 3539; x_wconf 83' lang='lat' dir='ltr'><em>Siculum</em></span> <span class='ocrx_word' id='word_1_199' title='bbox 1843 3452 1981 3539; x_wconf 84' lang='lat' dir='ltr'><em>trien·</em></span> 
     </span>
     <span class='ocr_line' id='line_1_24' title="bbox 406 3552 1981 3673; baseline 0.013 -41"><span class='ocrx_word' id='word_1_200' title='bbox 406 3569 450 3633; x_wconf 83' lang='lat' dir='ltr'><em>te</em></span> <span class='ocrx_word' id='word_1_201' title='bbox 470 3552 541 3637; x_wconf 87' lang='lat' dir='ltr'><em>seu</em></span> <span class='ocrx_word' id='word_1_202' title='bbox 560 3561 770 3660; x_wconf 71' lang='lat' dir='ltr'><em>aunciis,</em></span> <span class='ocrx_word' id='word_1_203' title='bbox 801 3562 1191 3673; x_wconf 81' lang='lat' dir='ltr'><em>praeponderabat,</em></span> <span class='ocrx_word' id='word_1_204' title='bbox 1218 3586 1267 3652; x_wconf 93' lang='lat' dir='ltr'><em>ut</em></span> <span class='ocrx_word' id='word_1_205' title='bbox 1293 3566 1401 3652; x_wconf 87' lang='lat' dir='ltr'><em>adeo</em></span> <span class='ocrx_word' id='word_1_206' title='bbox 1430 3595 1486 3649; x_wconf 90' lang='lat'><em>20</em></span> <span class='ocrx_word' id='word_1_207' title='bbox 1511 3566 1636 3651; x_wconf 87' lang='lat' dir='ltr'><em>libras</em></span> <span class='ocrx_word' id='word_1_208' title='bbox 1665 3564 1710 3653; x_wconf 84' lang='lat' dir='ltr'><em>de</em></span> <span class='ocrx_word' id='word_1_209' title='bbox 1743 3594 1796 3651; x_wconf 85' lang='grc' dir='ltr'><em>ιο</em></span> <span class='ocrx_word' id='word_1_210' title='bbox 1822 3562 1981 3655; x_wconf 82' lang='lat' dir='ltr'><em>Uncias</em></span> 
     </span>
     <span class='ocr_line' id='line_1_25' title="bbox 406 3666 1981 3791; baseline 0.011 -43"><span class='ocrx_word' id='word_1_211' title='bbox 406 3666 624 3777; x_wconf 84' lang='lat' dir='ltr'><em>penderet.</em></span> <span class='ocrx_word' id='word_1_212' title='bbox 683 3672 895 3758; x_wconf 81' lang='lat' dir='ltr'><em>Boeotium</em></span> <span class='ocrx_word' id='word_1_213' title='bbox 915 3676 1063 3761; x_wconf 85' lang='lat' dir='ltr'><em>libram</em></span> <span class='ocrx_word' id='word_1_214' title='bbox 1082 3676 1303 3785; x_wconf 79' lang='lat' dir='ltr'><em>adjiciens,</em></span> <span class='ocrx_word' id='word_1_215' title='bbox 1331 3677 1542 3791; x_wconf 89' lang='lat' dir='ltr'><em>pendebat</em></span> <span class='ocrx_word' id='word_1_216' title='bbox 1574 3710 1624 3764; x_wconf 89' lang='lat'><em>21</em></span> <span class='ocrx_word' id='word_1_217' title='bbox 1655 3678 1792 3767; x_wconf 80' lang='lat' dir='ltr'><em>libras.</em></span> <span class='ocrx_word' id='word_1_218' title='bbox 1849 3680 1981 3790; x_wconf 84' lang='lat' dir='ltr'><em>Afri·</em></span> 
     </span>
     <span class='ocr_line' id='line_1_26' title="bbox 407 3782 1982 3907; baseline 0.015 -47"><span class='ocrx_word' id='word_1_219' title='bbox 407 3806 550 3863; x_wconf 85' lang='lat' dir='ltr'><em>canam</em></span> <span class='ocrx_word' id='word_1_220' title='bbox 579 3782 844 3869; x_wconf 82' lang='lat' dir='ltr'><em>Dodrantem</em></span> <span class='ocrx_word' id='word_1_221' title='bbox 871 3786 1182 3897; x_wconf 79' lang='lat' dir='ltr'><em>superaddent,</em></span> <span class='ocrx_word' id='word_1_222' title='bbox 1213 3824 1262 3877; x_wconf 94' lang='lat'><em>21</em></span> <span class='ocrx_word' id='word_1_223' title='bbox 1293 3792 1417 3879; x_wconf 81' lang='lat' dir='ltr'><em>libras</em></span> <span class='ocrx_word' id='word_1_224' title='bbox 1447 3792 1545 3907; x_wconf 83' lang='lat'><em>&amp;9</em></span> <span class='ocrx_word' id='word_1_225' title='bbox 1576 3795 1717 3880; x_wconf 78' lang='lat' dir='ltr'><em>uncias</em></span> <span class='ocrx_word' id='word_1_226' title='bbox 1747 3820 1875 3906; x_wconf 79' lang='lat' dir='ltr'><em>grave</em></span> <span class='ocrx_word' id='word_1_227' title='bbox 1900 3794 1982 3905; x_wconf 54' lang='lat' dir='ltr'><em>lies</em></span> 
     </span>
     <span class='ocr_line' id='line_1_27' title="bbox 402 3890 1937 4020; baseline 0.016 -45"><span class='ocrx_word' id='word_1_228' title='bbox 402 3890 490 3977; x_wconf 83' lang='lat' dir='ltr'><em>bat.</em></span> <span class='ocrx_word' id='word_1_229' title='bbox 548 3892 675 3980; x_wconf 86' lang='lat' dir='ltr'><em>Hanc</em></span> <span class='ocrx_word' id='word_1_230' title='bbox 694 3902 836 4014; x_wconf 86' lang='lat' dir='ltr'><em>itaque</em></span> <span class='ocrx_word' id='word_1_231' title='bbox 857 3900 1065 3987; x_wconf 82' lang='lat' dir='ltr'><em>rationem</em></span> <span class='ocrx_word' id='word_1_232' title='bbox 1081 3902 1241 3993; x_wconf 90' lang='lat' dir='ltr'><em>Tritici</em></span> <span class='ocrx_word' id='word_1_233' title='bbox 1261 3907 1449 4020; x_wconf 85' lang='lat' dir='ltr'><em>pondera</em></span> <span class='ocrx_word' id='word_1_234' title='bbox 1470 3908 1618 3992; x_wconf 80' lang='lat' dir='ltr'><em>Plinio</em></span> <span class='ocrx_word' id='word_1_235' title='bbox 1647 3926 1806 3997; x_wconf 74' lang='lat' dir='ltr'><em>tenent.</em></span> <span class='ocrx_word' id='word_1_236' title='bbox 1929 3958 1937 3969; x_wconf 86' lang='lat'>·</span> 
     </span>
    </p>
   </div>
   <div class='ocr_carea' id='block_1_9' title="bbox 526 4134 1240 4368">
    <p class='ocr_par' dir='ltr' id='par_1_9' title="bbox 526 4134 1240 4368">
     <span class='ocr_line' id='line_1_28' title="bbox 526 4134 1240 4341; baseline 0.024 -123"><span class='ocrx_word' id='word_1_237' title='bbox 526 4134 699 4225; x_wconf 75' lang='lat' dir='ltr'><em>Medius</em></span> <span class='ocrx_word' id='word_1_238' title='bbox 727 4138 1034 4228; x_wconf 77' lang='lat' dir='ltr'><em>Gallicus----</em></span> <span class='ocrx_word' id='word_1_239' title='bbox 1131 4146 1240 4341; x_wconf 54' lang='grc' dir='ltr'><em>τῳ]</em></span> 
     </span>
     <span class='ocr_line' id='line_1_29' title="bbox 728 4252 1214 4368; baseline 0.021 -33"><span class='ocrx_word' id='word_1_240' title='bbox 728 4252 890 4339; x_wconf 82' lang='lat' dir='ltr'><em>Sardus</em></span> <span class='ocrx_word' id='word_1_241' title='bbox 899 4299 1029 4327; x_wconf 87' lang='lat'><strong>·····</strong></span> <span class='ocrx_word' id='word_1_242' title='bbox 1122 4272 1214 4368; x_wconf 81' lang='lat' dir='ltr'><em>t246</em></span> 
     </span>
    </p>
   </div>
   <div class='ocr_carea' id='block_1_10' title="bbox 723 4362 1675 4622">
    <p class='ocr_par' dir='ltr' id='par_1_10' title="bbox 723 4362 1675 4622">
     <span class='ocr_line' id='line_1_30' title="bbox 723 4362 1675 4622; baseline 0.013 -173"><span class='ocrx_word' id='word_1_243' title='bbox 723 4366 1067 4453; x_wconf 81' lang='lat' dir='ltr'><em>Alexandrinus·</em></span> <span class='ocrx_word' id='word_1_244' title='bbox 1132 4362 1249 4622; x_wconf 43' lang='lat'><em>250³</em></span> <span class='ocrx_word' id='word_1_245' title='bbox 1282 4370 1438 4462; x_wconf 79' lang='lat' dir='ltr'><em>Uncias</em></span> <span class='ocrx_word' id='word_1_246' title='bbox 1458 4373 1675 4463; x_wconf 77' lang='lat' dir='ltr'><em>Romanae.</em></span> 
     </span>
     <span class='ocr_line' id='line_1_31' title="bbox 723 4479 1214 4591; baseline 0.022 -32"><span class='ocrx_word' id='word_1_247' title='bbox 723 4479 1034 4562; x_wconf 85' lang='lat' dir='ltr'><em>Boeotius--··</em></span> <span class='ocrx_word' id='word_1_248' title='bbox 1132 4515 1214 4591; x_wconf 85' lang='lat'><em>252</em></span> 
     </span>
    </p>
   </div>
   <div class='ocr_carea' id='block_1_11' title="bbox 723 4591 1417 4709">
    <p class='ocr_par' dir='ltr' id='par_1_11' title="bbox 723 4591 1417 4709">
     <span class='ocr_line' id='line_1_32' title="bbox 723 4591 1417 4709; baseline 0.012 -37"><span class='ocrx_word' id='word_1_249' title='bbox 723 4591 1031 4699; x_wconf 87' lang='lat' dir='ltr'><em>Africanus···</em></span> <span class='ocrx_word' id='word_1_250' title='bbox 1134 4605 1213 4680; x_wconf 87' lang='lat'><em>261</em></span> <span class='ocrx_word' id='word_1_251' title='bbox 1219 4621 1241 4709; x_wconf 69' lang='lat' dir='ltr'>J</span> <span class='ocrx_word' id='word_1_252' title='bbox 1414 4660 1417 4665; x_wconf 30' lang='lat' dir='ltr'>v</span> 
     </span>
    </p>
   </div>
   <div class='ocr_carea' id='block_1_12' title="bbox 1850 4704 1978 4799">
    <p class='ocr_par' dir='ltr' id='par_1_12' title="bbox 1850 4704 1978 4799">
     <span class='ocr_line' id='line_1_33' title="bbox 1850 4704 1978 4799; baseline -0.016 0"><span class='ocrx_word' id='word_1_253' title='bbox 1850 4704 1978 4799; x_wconf 76' lang='lat' dir='ltr'><em>Huec</em></span> 
     </span>
    </p>
   </div>
   <div class='ocr_carea' id='block_1_13' title="bbox 0 0 2074 5646">
    <p class='ocr_par' dir='ltr' id='par_1_13' title="bbox 0 0 2074 5646">
     <span class='ocr_line' id='line_1_34' title="bbox 0 0 2074 5646; baseline 0 1"><span class='ocrx_word' id='word_1_254' title='bbox 0 0 2074 5646; x_wconf 95' lang='lat' dir='ltr'><em> </em></span> 
     </span>
    </p>
   </div>
  </div>
 </body>
</html>
