4140 5646
383 303 445 385 ⁶2·
581 282 899 379 nauum
958 281 1200 399 nner.
1247 280 1764 374 uumsnmrum
1826 220 1852 231 ”

387 508 440 592 ab
459 503 606 591 iisdem
627 521 781 615 quotus
810 508 904 604 3,76
924 495 1091 598 differt,
1112 520 1291 583 numero
1313 493 1470 582 Pedum
1490 522 1566 609 per
1591 493 1968 614 1,824divisopro-

388 620 563 704 diturus.

447 734 550 817 Due
577 758 630 816 ex
649 754 859 814 marmore
879 723 1166 839 politosedilia
1188 755 1205 809 1
1222 723 1375 809 Pedem
1394 749 1605 826 cum‚717
1625 721 1836 821 latasunt;
1863 725 1967 821 haec

390 845 581 930 mensura
604 874 624 927 a
646 870 741 926 meo
762 840 946 937 Cubita,
976 843 1049 955 qui
1071 837 1128 922 est
1153 869 1198 934 1,
1229 864 1363 941 7325,
1386 865 1436 939 15
1457 837 1572 918 misse
1587 838 1682 918 amis
1693 839 1865 925 circiter
1887 840 1968 929 dis·

389 956 498 1054 fert,
528 956 598 1041 sed
620 956 670 1043 ab
696 957 851 1053 altero,
887 957 1030 1062 1‚824,
1059 951 1212 1035 decima
1233 949 1353 1049 Pedis
1370 971 1488 1062 parte
1512 947 1731 1061 discrepat.
1794 1038 1797 1045 ,

447 1070 602 1157 Semita
623 1073 732 1155 inter
752 1069 838 1156 duo
859 1067 1022 1155 scamna
1040 1063 1313 1173 interjacens,
1343 1062 1519 1174 pedibus
1554 1069 1676 1169 3,436
1706 1065 1750 1149 in
1781 1062 1967 1157 latitudi.
1992 1087 1996 1092 ·

392 1184 535 1269 dinem
567 1183 791 1268 absolvitur
816 1218 828 1278 t
861 1180 904 1264 hi
933 1211 955 1265 a
986 1205 1164 1265 numero
1198 1207 1349 1281 127325
1381 1177 1628 1287 duplicato,
1658 1175 1729 1260 scu
1756 1188 1960 1286 3,465,.3

391 1295 512 1383 Pedis
535 1296 758 1402 centestmis
778 1294 1004 1392 deficiunt,
1025 1290 1216 1399 Cairenst
1226 1289 1414 1389 Cubim,
1435 1291 1650 1402 duplicato
1668 1316 1865 1405 quoque,
1885 1296 1966 1383 dis·

387 1412 648 1521 crepantiam
671 1407 722 1492 ad
743 1406 979 1518 sextuplum
999 1405 1245 1515 adaugente.
1517 1419 1522 1429 '

447 1522 652 1608 Camerae
681 1548 939 1609 marmoreae
975 1517 1287 1630 longitud-inem
1323 1516 1551 1603 latitudinis
1587 1516 1790 1628 duplant,
1831 1521 1966 1613 Grea·

387 1641 492 1721 vius
514 1667 588 1740 34,
621 1637 669 1734 38
696 1635 854 1721 Pedum
885 1633 1090 1730 exhibet,
1121 1661 1202 1745 qua
1231 1633 1396 1717 ratione
1422 1632 1492 1716 issa
1523 1662 1603 1729 20,
1631 1631 1734 1717 haec
1760 1661 1811 1715 ιο
1831 1631 1965 1722 Cubi-

392 1770 458 1834 tos
479 1747 752 1857 adipiscetur,
783 1747 1034 1833 srCubitum
1064 1775 1213 1850 ¹27325
1245 1742 1428 1830 assumas,

312 1922 316 1929 .
451 1863 492 1943 A
511 1858 650 1946 nostro
670 1859 829 1947 Cubita
850 1860 925 1946 hae
958 1860 1173 1947 mensurae
1194 1886 1280 1942 non
1300 1862 1429 1968 magis
1460 1855 1724 1958 deflebunt,
1751 1886 1882 1972 quam
1905 1860 1966 1948 sa·

391 1969 541 2057 brilem
571 1973 723 2085 pedem
743 2005 765 2060 a
787 2002 890 2060 vero
909 1977 952 2060 in
975 1973 1173 2061 aedificiis
1193 1971 1385 2081 aberrare
1404 1971 1532 2057 hodie
1562 1971 1764 2059 videmus.

450 2088 753 2201 Aegyptiorum
780 2090 902 2199 proin
932 2086 1138 2175 Cubitum
1169 2086 1280 2172 Pede
1310 2089 1511 2282 Λκῗίἰιο,
1540 2085 1581 2171 &
1615 2117 1724 2190 7325
1755 2086 1964 2198 partibuS.

392 2199 474 2286 srve
496 2230 636 2310 20‚79
664 2201 883 2288 pollicibus
902 2202 1085 2288 rationes
1106 2198 1266 2284 nostrae
1285 2200 1382 2284 abso
1400 2221 1515 2286 vunt.
1576 2196 1708 2286 Hunc
1724 2203 1966 2315 Aegyptiis,

393 2338 585 2426 tempore
606 2315 845 2401 aedificatae
868 2316 1094 2426 pyramidis
1117 2313 1310 2399 ufitatum
1333 2312 1474 2412 fuisse,
1502 2312 1687 2423 superius
1706 2335 1851 2427 aperte
1868 2317 1963 2403 satis

392 2425 776 2511 demonstravimus.
835 2426 981 2513 Habet
1011 2429 1053 2512 se
1072 2425 1124 2514 ad
1153 2424 1359 2512 Cubitum
1380 2429 1613 2535 Cbirensem
1642 2426 1894 2515 hodiernum
1916 2452 1963 2515 ut

396 2564 469 2646 19:
504 2567 569 2621 20.

450 2647 692 2737 Secundum
711 2653 898 2740 Heronis
915 2655 1134 2770 Ifhgngrn,
1164 2669 1241 2741 Pes
1270 2658 1410 2765 regius
1438 2654 1676 2769 Aegyptius
1702 2658 1822 2741 aliter
1855 2657 1964 2742 Phi·

389 2765 601 2848 leteraeus
619 2765 774 2866 dissue,
803 2769 855 2853 ad
877 2770 1102 2854 Romanum
1121 2772 1205 2860 sese
1220 2768 1405 2859 ,habebat
1425 2790 1472 2851 ut
1496 2775 1544 2850 6:
1580 2795 1626 2869 5:
1658 2768 1818 2856 Cubito
1837 2773 1965 2880 proin

391 2898 574 2992 utroque
595 2879 773 2967 eandem
793 2884 999 2969 rat-ionem
1018 2883 1232 2980 servante,
1251 2886 1342 2997 Aeg
1338 2883 1506 2995 yptiurn
1529 2913 1605 2981 20,
1629 2885 1736 2988 8872
1759 2884 1962 2971 pollicum

390 2993 591 3100 reperio,
620 2996 757 3077 minus
781 2994 948 3079 decima
979 3000 1141 3084 Fossicis
1161 3019 1279 3111 parte
1309 2996 1360 3082 ab
1380 3024 1433 3080 eo
1466 2995 1699 3093 diversum,
1728 3021 1856 3109 quem
1886 3024 1963 3109 per

392 3125 565 3209 magnae
588 3105 832 3209 Pyramidis
851 3110 1112 3197 commensus
1133 3108 1516 3207 deteximus‚unde
1536 3109 1594 3195 ilii
1623 3106 1735 3195 haud
1762 3107 1866 3195 sevis
1887 3138 1961 3194 au-

393 3211 560 3299 &oritas
589 3218 765 3304 accedit.
825 3218 876 3304 Iis
896 3243 1036 3308 tamen
1056 3227 1284 3336 plurimum
1303 3221 1512 3320 tribuens,
1541 3248 1648 3335 quae
1668 3220 1718 3307 ab
1743 3218 1959 3335 Episcopo

391 3326 689 3415 Camberlando
708 3332 858 3443 scripta
876 3335 918 3418 in
941 3334 1045 3422 hanc
1065 3368 1157 3425 rem
1178 3337 1259 3425 essu
1280 3335 1664 3450 reperio,Tabulas
1673 3336 1726 3422 ad
1745 3333 1832 3444 ejus
1843 3364 1962 3425 men·

391 3460 479 3525 tem
507 3441 743 3545 adornavi,
773 3446 872 3533 licet
901 3449 987 3535 aliis
1017 3449 1221 3539 Cubitum
1252 3453 1510 3564 Aegyptium
1540 3482 1625 3549 20,
1667 3482 1718 3561 79
1751 3451 1955 3537 Pollicum

392 3554 693 3750 Anglicoraum,
733 3559 1003 3650 decimalibus
1042 3589 1367 3682 computatum,
1403 3564 1747 3651 commendatum
1784 3587 1961 3674 magno·

390 3690 492 3774 pere
515 3694 566 3751 ve
583 3696 653 3753 nn.

449 3776 657 3907 Judqeos,
688 3784 803 3894 quod
825 3808 913 3871 erat
934 3787 1134 3893 aiterum,
1165 3793 1468 3909 AEgyptiarum
1499 3794 1698 3879 mensuris
1728 3791 1856 3890 usos,
1884 3789 1961 3879 nisi

392 3911 495 3983 mox
517 3889 695 3977 drcenda
716 3897 884 4004 pianum
903 3898 1104 4005 fecerint,
1133 3936 1236 3994 vero
1255 3907 1662 3996 saltemsrmillimum
1694 3908 1862 3992 facient.

449 4002 594 4135 Quum
613 4033 689 4117 per
709 4039 794 4093 200
814 4013 982 4100 circiter
1003 4046 1133 4104 annos
1151 4025 1194 4107 in
1222 4026 1414 4138 Aegypto
1443 4022 1690 4107 seruitutem
1715 4019 1961 4116 servierint,

389 4137 578 4307 Eropum
608 4119 788 4209 habuisse
817 4128 1024 4215 mensuras
1054 4139 1227 4221 omnino
1250 4165 1335 4221 non
1365 4135 1572 4219 videntur.
1632 4136 1773 4239 Moses
1800 4130 1853 4216 ad
1884 4158 1960 4217 eos

422 4251 445 4307 e
467 4233 664 4355 mensuris
685 4236 809 4323 verba
829 4238 1006 4345 faciem,
1037 4253 1227 4335 oratione
1249 4249 1331 4334 fine
1360 4247 1490 4333 dubio
1522 4275 1569 4332 ea
1595 4246 1689 4333 usus
1719 4246 1799 4346 est,
1829 4270 1958 4360 quam

389 4339 574 4474 plebem}
595 4350 770 4461 quisque
794 4351 924 4461 posset
945 4359 1195 4470 intelligere.
1256 4360 1324 4445 Sic
1343 4361 1396 4445 de
1417 4360 1567 4473 Ephab
1584 4350 1960 4457 sermocinaturm,
1993 4450 1997 4457 ,

388 4453 584 4565 supponrt
595 4482 783 4545 caeteros
807 4489 992 4554 mentem
1014 4472 1125 4559 suam
1146 4475 1400 4588 perspesiam
1424 4474 1588 4560 habere.

441 4567 563 4680 Quin
587 4570 673 4685 ipse
693 4576 928 4670 Ponderum
957 4584 1001 4678 δι
1030 4589 1327 4700 Issenficrarum
1356 4589 1603 4689 scientiam.
1631 4584 1960 4782 Aritbngtgm

1893 4724 1960 4782 eo·
