4140 5646
256 264 342 344 252
482 214 795 317 casuum
835 215 1078 335 antro.
1118 212 1626 309 NUMISMATUM

258 468 357 535 cum
375 440 632 553 Muscavitis
648 431 930 526 intercedunt.
987 430 1071 523 Via
1090 436 1177 521 anti
1206 436 1318 521 uitus
1338 430 1392 519 ad
1402 432 1574 521 Chinam
1585 457 1668 633 pet
1690 430 1835 523 Smar-

259 557 429 647 caudam
454 550 712 670 pertinebat,
748 549 804 638 de
823 578 906 667 qua
924 547 1057 649 urbe,
1092 548 1144 635 ab
1203 569 1292 636 tera
1312 548 1400 633 Oui
1417 548 1507 661 ripa
1525 576 1582 662 po
1600 568 1681 647 rta,
1708 568 1831 638 antea

258 673 461 760 diximus:
502 666 713 755 mediante
742 662 826 750 hoc
855 662 990 750 fluvio
1022 688 1184 751 merces
1213 661 1354 751 versus
1382 660 1654 749 occidentem
1684 661 1831 777 Caspia

258 786 364 874 mari
392 812 417 870 a
445 779 696 868 Smarcaada
722 774 827 865 urbe
847 776 1034 876 delatae,
1068 775 1168 863 inde
1187 776 1242 863 ad
1263 776 1459 892 Europae
1487 772 1830 891 septentrionales

256 900 453 1011 regiones
482 920 558 1008 per
586 893 758 1007 Volgum
787 888 1098 978 deserebantur.
1182 888 1326 1002 Quem
1355 889 1522 977 cursum
1549 891 1624 1006 qui
1651 914 1832 1006 perpen-

257 1010 345 1110 dit,
384 1011 425 1095 ei
451 1004 643 1121 possibile
672 1002 886 1092 videbitur
913 1030 970 1094 ex
1006 1003 1140 1093 China
1167 1004 1401 1119 Hispanias
1428 1004 1524 1090 navi
1554 1002 1694 1105 adire,
1741 1031 1831 1094 non

256 1123 432 1211 salutato
452 1147 613 1209 oceano
633 1145 688 1207 ex
716 1118 881 1206 oriente
899 1116 1057 1206 scilicet
1084 1115 1298 1205 mediante
1327 1119 1421 1204 Ouo
1447 1112 1649 1218 flumine,
1686 1114 1832 1234 Caspia

256 1238 396 1334 mari,
435 1234 480 1321 dr
507 1237 664 1350 Volga,
762 1257 831 1321 em
851 1231 1048 1331 ultimum
1077 1230 1200 1321 facile
1231 1256 1329 1320 cum
1351 1227 1483 1317 Tanai
1509 1232 1831 1338 committeres,

255 1346 385 1438 dudio
413 1372 490 1462 per
517 1345 694 1460 spatium
737 1373 792 1435 ex
820 1347 1058 1434 milliarium
1088 1348 1431 1459 germanicorum
1458 1342 1604 1446 alveo,
1640 1346 1687 1433 in
1713 1342 1831 1434 Pon·

255 1482 347 1550 tum
367 1462 606 1559 Euxinum,
644 1461 690 1547 dt
720 1458 875 1548 exinde
893 1463 938 1548 in
956 1456 1115 1547 sretum
1135 1460 1390 1546 Gaditanum
1409 1455 1664 1569 trajicienda.
1723 1453 1829 1547 Hoc

254 1573 425 1663 brevius
443 1577 524 1662 iter
544 1572 697 1659 Strabo
714 1570 738 1612 ⁴*
786 1600 832 1661 er
850 1600 965 1662 mare
986 1573 1177 1687 Caspium
1207 1569 1484 1671 demonstrat,
1513 1574 1572 1661 ita
1600 1596 1753 1685 nempe
1781 1594 1828 1660 ut

252 1688 395 1775 versus
407 1686 630 1773 Albaniam
649 1600 968 1787 diresocursu,
987 1685 1139 1794 Cyrum
1156 1682 1338 1775 fluvium
1355 1682 1551 1772 adscendi
1567 1684 1725 1797 jubeat.
1753 1681 1827 1773 Se·

254 1801 441 1887 cundum
452 1799 675 1905 Plinium
688 1798 882 1887 Seleucus
891 1801 1077 1886 Nicator
1085 1796 1407 1911 conjungendae
1425 1795 1548 1905 Aſsae
1565 1823 1675 1908 cum,
1688 1798 1827 1884 Euru-

245 1935 324 2028 pa,
335 1913 686 2001 committendive
697 1913 837 2027 Caspii
858 1914 983 1999 maris
1001 1936 1100 2000 cum
1110 1910 1518 2011 Euxina,excavato
1535 1905 1657 1997 alveo
1676 1935 1700 1994 a
1720 1909 1827 1998 Bos·

243 2026 376 2143 phora
395 2026 612 2113 Cimmerio
631 2020 685 2110 ad
703 2050 818 2112 mare
838 2026 1053 2139 Caspium,
1082 2021 1300 2113 confilium
1329 2021 1517 2137 agitavit.
1601 2021 1827 2115 Locorum

252 2160 340 2224 tem
371 2140 457 2225 oris
485 2134 663 2226 decursu
701 2140 868 2251 penitus
905 2158 1067 2226 mutata
1093 2136 1232 2225 forma
1261 2134 1354 2229 est,
1398 2136 1535 2222 Ouum
1565 2164 1615 2222 ua
1642 2131 1826 2227 fluvium

249 2166 437 2364 proscissi
455 2247 519 2336 sre
550 2271 698 2339 nentes
718 2250 773 2337 ad
790 2250 1024 2362 irrigandos
1043 2277 1166 2364 agros
1185 2248 1293 2339 alvei
1318 2249 1452 2338 ferme
1471 2276 1496 2335 e
1557 2269 1752 2339 ccarunt.

306 2360 392 2451 lter
419 2388 496 2476 per
522 2278 658 2450 sabai
682 2362 905 2450 meridiem
934 2362 1075 2452 versus
1102 2362 1401 2479 protenditur,
1432 2360 1540 2449 dum
1565 2362 1716 2452 vicino
1738 2357 1824 2457 flu·

249 2476 323 2563 rio
350 2478 397 2563 in
424 2474 574 2561 Indum
601 2494 833 2565 exonerato
860 2474 1013 2579 delati,
1049 2504 1104 2566 eo
1123 2479 1168 2565 in
1186 2500 1395 2566 oceanum
1411 2474 1601 2563 iudicum
1619 2471 1819 2567 deserun-

248 2608 331 2677 tur.
419 2590 580 2699 Persas
605 2590 716 2677 inter
744 2588 790 2677 dc
817 2588 945 2675 Iudas
961 2594 1115 2703 agitata
1137 2592 1395 2680 commercia
1411 2614 1488 2703 per
1507 2588 1822 2680 Candacbaram

248 2698 499 2802 transibant,
537 2727 665 2817 quam
691 2704 750 2790 ita
777 2731 802 2791 a
830 2703 1055 2793 conditore
1092 2704 1339 2793 Alexandra
1366 2728 1548 2818 magno,
1593 2726 1667 2794 out
1695 2705 1820 2823 quod

245 2840 348 3015 plrae
386 2814 461 2903 illo
498 2814 778 2917 crediderim,
824 2845 849 2903 a
879 2817 1105 2906 Caulariis
1132 2821 1269 2907 vicina
1297 2838 1425 2932 gente
1463 2815 1618 2907 didam
1654 2817 1812 2910 serunt.

300 2931 475 3031 ociter,
511 2955 566 3017 ex
590 2954 679 3044 quo
697 2928 863 3017 Iudiam
889 2933 1001 3021 inter
1019 2934 1064 3021 dr
1084 2931 1274 3043 Persium
1292 2931 1548 3020 commercia
1568 2934 1675 3020 mari
1747 2962 1819 3023 ra·

246 3060 428 3151 guntur,
455 3042 717 3155 antiquatum
746 3041 826 3129 est:
874 3044 1167 3135 Candacbarae
1194 3047 1262 3133 via
1289 3044 1454 3159 semper
1484 3064 1660 3134 uruntur
1716 3068 1814 3163 spa·

245 3154 347 3239 bani
366 3153 410 3241 dr
418 3154 859 3355 gigapcomitatus,
894 3186 1029 3276 aeque
1056 3186 1106 3248 ac
1134 3158 1393 3277 Mirgreliae
1421 3157 1706 3261 commercia,
1736 3158 1815 3254 seu

243 3287 399 3357 veteris
452 3293 473 3352 a
540 3298 634 3355 aas.

242 3368 249 3383 ¹
300 3380 361 3471 Ut
371 3407 475 3471 vero
484 3402 766 3489 revertamur,
781 3388 896 3479 unde
904 3386 1171 3481 disceffimus.
1207 3385 1294 3479 Sub
1303 3388 1483 3508 Augusta
1492 3409 1729 3484 mercatura
1737 3415 1815 3482 ro·

242 3521 364 3585 mana
373 3492 534 3599 floruit,
543 3494 616 3586 sub
625 3494 790 3589 Tiberio
799 3530 903 3593 veto
912 3508 953 3593 ei
962 3506 1064 3594 nihil
1073 3508 1322 3595 incrementi
1333 3501 1562 3594 accessrtJd
1571 3505 1704 3596 solum
1714 3530 1814 3596 me-

243 3610 403 3737 moriae
412 3609 654 3702 mandatum
663 3612 899 3715 est,clalsem
909 3618 997 3729 ejus
1007 3617 1545 3721 Albimadscendilse,dum
1554 3616 1639 3734 ipse
1680 3616 1813 3708 nous·

242 3746 329 3837 que
348 3746 435 3833 ejus
453 3722 596 3812 littora
614 3730 859 3841 pertingunt
868 3757 981 3817 arma
999 3730 1068 3819 sua
1087 3737 1298 3846 provexit.
1333 3730 1620 3846 Triumphum
1638 3730 1668 3819 si
1697 3732 1813 3848 iipsr

241 3860 383 3923 umens
403 3836 616 3969 Caligula,
643 3840 756 3957 quali
767 3842 1037 3930 Britanniam
1046 3872 1128 3960 exp
1188 3844 1340 3947 nasset,
1369 3845 1610 3960 adparavit,
1632 3845 1675 3933 &
1695 3872 1808 3935 non·

241 3949 373 4036 nullas
391 3969 583 4039 triremes
602 3954 786 4043 terrestri
795 3955 946 4046 itinere
956 3961 1125 4046 Romam
1175 3957 1609 4062 evehendascurauit,
1629 3985 1710 4074 pro
1730 3985 1810 4049 ex-

239 4059 457 4174 peditione
467 4064 740 4168 celebranda,
766 4071 810 4155 in
828 4097 882 4161 eo
901 4076 1147 4173 terminata,
1175 4092 1223 4159 ut
1242 4074 1285 4159 in
1302 4073 1425 4160 maris
1442 4072 1587 4161 littore
1605 4097 1808 4186 magnam

238 4170 497 4266 concharum
523 4177 615 4287 uim
638 4179 814 4297 legeret.
899 4183 1049 4280 Postea
1086 4185 1247 4305 aliquot
1274 4210 1427 4293 naves,
1458 4211 1599 4305 oeque
1627 4183 1681 4277 ad
1701 4183 1807 4279 belli

275 4472 296 4516 ⁸
313 4469 526 4539 strabonus.
584 4430 587 4436 Ι
678 4492 681 4500 ·

274 4550 295 4631 l
310 4548 420 4619 elutus
433 4552 485 4619 lib.
496 4560 523 4623 s
536 4574 650 4644 capras
