4140 5646
414 305 498 386 270
638 266 953 360 nanuum
994 267 1235 386 nner.
1276 269 1780 363 Numrsnrnrum

416 484 564 599 poffit,
594 485 748 580 miror,
788 480 990 596 siquidem
1018 477 1137 596 saepe
1167 507 1274 566 voce
1302 481 1351 580 ai
1363 477 1386 590 3
1408 477 1548 586 tia-anaia
1577 485 1732 572 utitur:
1773 485 1923 576 hinter
1942 519 1989 578 a·

414 603 495 686 iios
516 601 631 686 locus
650 596 731 692 est,
760 594 832 680 ubi
862 594 990 694 dicit,
1021 598 1213 708 proximo
1243 593 1311 678 die
1341 595 1437 681 otio
1467 595 1649 682 heminas
1677 598 1790 688 latiis
1820 603 1988 706 asinini,

417 713 600 799 admixta
622 738 746 825 parva
766 709 897 795 mellis
918 711 1040 820 copia
1061 707 1200 806 bibam
1230 706 1346 822 quod
1367 706 1396 796 st
1417 705 1559 794 haberi
1588 735 1798 828 nequeat,
1828 741 1912 804 tres
1916 721 1988 828 st·

416 830 653 939 miconrios,
682 825 751 911 seu
773 823 972 908 undecim
993 825 1149 935 piatas,
1179 820 1290 908 iadis
1320 843 1390 908 aut
1419 819 1564 908 bubuli
1583 847 1653 911 aut
1676 831 1834 940 caprini
1856 831 1987 918 bibat.

416 939 473 1028 Et
504 933 599 1026 alibi
630 939 765 1039 dicit,
806 937 1002 1054 proximo
1041 935 1111 1022 die
1149 934 1260 1024 laetis
1289 934 1431 1022 asinini
1458 941 1640 1052 congium
1671 939 1818 1044 bibat,
1858 945 1929 1034 seu
1962 976 1986 1052 7

415 1075 566 1170 pratas.

471 1168 559 1252 Lac
579 1163 778 1254 asininum
808 1184 894 1250 tam
912 1163 1079 1252 modica
1109 1166 1362 1277 quantitate,
1391 1194 1414 1251 a
1442 1163 1561 1252 nobis
1580 1164 1707 1254 hodie
1737 1169 1989 1282 praescribi,

412 1283 601 1391 ineptum
632 1279 734 1364 mihi
764 1279 921 1391 saepius
950 1277 1080 1366 visum
1110 1277 1189 1362 est:
1221 1305 1404 1392 quorum
1433 1281 1544 1364 enim
1566 1303 1738 1368 naturae
1759 1287 1988 1387 convenit,

412 1394 522 1504 apud
546 1420 617 1479 eos
638 1390 784 1502 majori
812 1394 933 1506 copia
962 1390 1171 1484 haustum,
1202 1395 1372 1478 citiores
1402 1390 1662 1508 majoresque
1682 1393 1854 1484 effedus
1884 1399 1987 1486 ede·

410 1527 489 1591 ret.
575 1503 733 1618 AEgros
763 1527 920 1592 tantam
949 1505 1061 1593 raetis
1091 1506 1257 1615 copiam
1287 1505 1523 1594 haurientes
1544 1508 1664 1594 naulis
1694 1509 1780 1596 aliis
1807 1513 1985 1601 alimen-

412 1621 465 1706 tis
484 1617 726 1706 sustentatos
748 1619 889 1720 fuiss'e,
919 1645 1045 1733 penes
1066 1645 1131 1704 me
1153 1622 1195 1703 in
1217 1619 1402 1706 coniess'o
1424 1618 1493 1704 est.

468 1731 512 1818 ln
525 1733 737 1844 seligendo
759 1731 1295 1846 genere&pr·aeseribenda
1308 1736 1539 1847 quantitate
1552 1735 1660 1834 vini,
1681 1733 1857 1846 diligens
1877 1737 1982 1826 fuit:

411 1845 506 1932 albo
527 1847 777 1958 plurimum3
809 1850 954 1960 nigre,
982 1868 1031 1934 ut
1050 1867 1196 1945 vocat,
1225 1846 1397 1932 subinde
1416 1850 1574 1942 utitur;
1603 1848 1818 1934 interdum
1840 1850 1980 1950 dulci,

411 1960 622 2046 interdum
644 1959 830 2062 austero,
868 1962 1027 2074 protei
1047 1985 1204 2048 natura.
1265 1958 1602 2071 AEgrocubitum
1620 1963 1736 2047 eunti
1754 1961 1856 2048 duas
1876 1989 1985 2052 nott·

410 2097 624 2189 nunquam
644 2075 847 2176 heminas,
878 2076 959 2162 five
979 2077 1185 2188 integram
1206 2076 1291 2159 vini
1307 2076 1466 2185 piatam
1485 2073 1740 2186 praeseribit.

467 2187 694 2276 Pulretum
723 2215 890 2301 magnas
920 2188 1029 2276 haud
1057 2217 1150 2276 raro
1180 2188 1330 2286 doi'eS,
1367 2187 1438 2272 sed
1467 2187 1519 2271 ad
1548 2187 1808 2299 propositum
1836 2185 1980 2280 effica-

410 2301 586 2388 cissimas
616 2277 705 2386 dari
731 2303 886 2413 jubet,
925 2301 1306 2398 arimathaea,
1349 2299 1562 2410 stilphnr,
1601 2301 1869 2403 cardamnm,
1907 2333 1980 2392 ru·

409 2433 516 2512 tam,
547 2419 748 2499 cnminnm
768 2413 1071 2527 AEthiopicnm,
1092 2414 1209 2500 fabae
1239 2413 1572 2525 magnitudinem
1583 2411 1636 2499 de
1656 2417 1831 2530 quovit,
1861 2409 1980 2531 quod

408 2525 640 2612 drachonem
659 2535 851 2641 proxime
872 2527 1133 2644 exaequabit.

465 2638 508 2724 ln
530 2665 649 2756 partu
671 2641 834 2728 difficili
853 2641 1119 2756 praescribit,
1145 2640 1340 2726 kcumini
1361 2636 1592 2754 AErhiopici
1621 2661 1824 2754 quantum
1844 2637 1977 2736 tribus

407 2751 549 2865 digitis
569 2759 832 2856 continetur,
863 2757 1028 2842 seminis
1056 2752 1162 2864 anist
1186 2756 1228 2841 de
1239 2752 1351 2863 sestli
1380 2775 1583 2868 quantum
1604 2757 1873 2868 quinqueaut
1894 2755 1977 2844 sex.

408 2869 525 2980 Quid
545 2871 615 2956 sex
636 2870 756 2980 drgrtr
778 2869 848 2956 irbi
870 2871 1022 2968 velint,
1053 2897 1137 2954 aon
1158 2867 1370 2964 dixerim,
1402 2866 1476 2952 nist
1506 2867 1616 2954 forte
1648 2868 1978 2982 Ingredientinm

406 2978 497 3061 didi
508 2983 655 3066 ¹seriam
680 2988 998 3094 proportionem
1011 3013 1057 3068 ea
1068 2981 1200 3093 phraii
1214 2981 1414 3091 deiignet.
1474 2977 1518 3064 ln
1540 2979 1692 3066 eodem
1713 2981 1808 3066 casu
1825 2981 1977 3069 radicis

397 3097 620 3204 paeoniae,
660 3115 729 3179 aut
759 3096 919 3182 seminis
939 3099 1132 3208 poenariae
1162 3095 1384 3194 concham,
1424 3094 1495 3180 seu
1525 3095 1602 3179 tria
1631 3093 1867 3181 cochlearia
1895 3097 1976 3183 im·

438 3226 536 3290 erat.

405 3233 434 3320 p
460 3314 469 3374 ¹
502 3317 782 3429 AEgrotorum
805 3325 993 3433 corporis
1014 3322 1213 3408 exercitia
1232 3350 1363 3438 aeque
1375 3319 1537 3408 curiose
1554 3318 1760 3432 descripta
1780 3320 1974 3434 reliquit:

405 3437 615 3520 nonnullis
646 3435 859 3546 oringinta
879 3435 1015 3546 stadia
1036 3439 1075 3519 in
1108 3435 1221 3519 diem
1253 3434 1527 3548 praeseribit,
1567 3433 1635 3517 ieu
1666 3435 1851 3520 milliaria
1882 3433 1977 3518 Aa·

401 3549 513 3660 glica
544 3549 631 3634 fere
662 3577 840 3644 um'em3
873 3577 978 3662 quae
1008 3551 1120 3634 hunc
1150 3551 1194 3633 in
1224 3549 1398 3632 modum
1429 3547 1654 3632 distribuit:
1696 3549 1865 3658 triginta
1886 3545 1977 3656 sta·

406 3659 476 3740 dia
497 3687 640 3759 mane,
669 3664 837 3769 triginta
858 3686 952 3748 aute
973 3689 1171 3762 coenam,
1202 3663 1242 3746 dr
1267 3665 1414 3772 uiginti
1434 3659 1533 3772 post.
1595 3659 1720 3745 Hanc
1743 3685 1824 3770 ego
1844 3659 1976 3770 longe

406 3773 610 3883 optimam
647 3774 897 3859 medicinam
927 3781 1185 3885 putaverim,
1223 3779 1290 3858 eui
1322 3775 1349 3860 ri
1380 3800 1541 3858 morem
1571 3776 1732 3884 aegroti
1761 3793 1978 3884 gererent,

403 3885 534 3995 nragis
555 3913 626 3988 ea,
656 3913 781 4000 quam
814 3891 987 3974 eeateris
1008 3887 1200 3979 omnibus
1219 3889 1366 4002 procul
1388 3887 1516 3973 dubio
1536 3887 1785 3974 levarentur.

441 4093 901 4176 hDeinternisass'eiiionjimsc.
921 4114 961 4169 rt.
1001 4098 1160 4160 iDemor·
1180 4099 1374 4248 lineam
1412 4094 1621 4164 luetatemir
1642 4091 1977 4164 ercombertum!

402 4169 448 4230 bis
471 4172 490 4230 t.
516 4186 543 4232 2.
562 4189 589 4233 e.
614 4181 658 4237 re.
680 4172 719 4250 sq.
760 4177 845 4236 rue
870 4175 980 4240 motuis
1008 4177 1158 4242 mulierum
1207 4175 1329 4256 saepius.
