4140 5646
391 236 1473 399 Maasoa'raomaroroaaom.··=
1598 319 1684 407 η,

16 523 21 531 ·
134 541 140 551 ·
182 499 229 593 In
258 497 505 612 clysteribus
535 496 707 585 adhibet
734 502 916 597 nitrum,
939 494 1205 627 euphorbium
1230 497 1289 585 'ad
1307 499 1436 582 'trium
1457 492 1697 586 obolorum-

125 613 317 727 ponduS,
354 612 425 697 seu
464 640 513 714 31
543 637 789 723 granorum,
827 615 1070 717 interrorem
1098 634 1259 724 partem
1286 607 1499 719 cujusdam
1528 608 1683 720 speciei
1821 684 1825 689 .

126 750 421 823 cucumerum,
448 745 519 810 aut
538 725 767 822 centaurii,
802 721 1026 809 decocium
1044 724 1089 807 in
1116 726 1212 810 oleo
1237 724 1304 808 vel
1323 748 1451 834 aqua,
1480 722 1565 807 mel
1582 746 1681 808 cum

127 842 248 931 Rata
265 833 670 937 ‚Terebinthiom
699 836 742 921 dc
763 835 1019 946 Hrffopiam3
1051 838 1228 947 exempli
1240 838 1409 949 gratia,
1438 837 1588 920 lotione
1595 857 1685 949 per

128 950 332 1061 clysterem
361 948 513 1057 adtata
538 968 563 1031 o'
587 976 636 1033 us
661 947 737 1058 est,
774 950 818 1031 in
848 975 930 1060 qua
949 947 1058 1030 nitri
1084 951 1257 1032 maltam
1275 950 1567 1059 inspergatar,
1605 964 1682 1033 aut

130 1062 284 1170 restrae
313 1090 340 1143 a
367 968 598 1145 terebintdo
625 1060 772 1144 arbore
791 1059 926 1172 pondo
953 1058 1172 1145 drachmae
1197 1060 1322 1158 doae,
1352 1058 1435 1168 (dr.
1465 1092 1504 1144 2.
1536 1084 1600 1170 gr.
1622 1061 1682 1164 5.)

129 1178 383 1259 elimentur.

185 1204 327 1399 iiaput
354 1286 502 1397 opiatis
531 1284 584 1370 ad
609 1282 893 1373 arceffendum
918 1282 1112 1371 somnum
1138 1281 1333 1382 fovebat,
1366 1302 1555 1401 papaver
1582 1310 1682 1398 prae

130 1400 282 1485 ceteris
299 1401 344 1483 io
362 1398 459 1484 oleo
479 1397 656 1496 elixum,
685 1398 857 1511 occipiti
875 1397 1126 1509 applicatum
1144 1395 1437 1495 commendat,
1466 1396 1509 1483 δι
1529 1416 1577 1484 ut
1596 1400 1684 1510 opii

130 1512 173 1596 in
192 1538 298 1624 aqua
316 1507 566 1597 solutionem
584 1509 638 1595 ad
654 1510 831 1623 iinciput
849 1506 1091 1595 fovendum.
1154 1511 1255 1622 Cap.
1282 1508 1322 1593 I.
1352 1509 1401 1593 de
1418 1508 1570 1629 morbis
1586 1539 1683 1611 arua.

139 1626 192 1709 is.
231 1624 380 1735 Magis
398 1640 536 1706 autem
546 1624 822 1737 soporiferum
844 1620 906 1732 est.
908 1639 1102 1734 papaver
1129 1621 1174 1704 in
1204 1624 1287 1705 oleo
1316 1622 1492 1721 elixum,
1530 1625 1685 1735 capitis

120 1736 312 1846 fincipiti
322 1733 686 1847 superdatum--·
703 1736 769 1819 Aa
777 1732 825 1843 fi
836 1733 1137 1816 valentioribus
1165 1734 1343 1817 auxiliis
1370 1735 1563 1847 egebunt,
1592 1734 1684 1846 ipsta

131 1851 256 1933 etiam
265 1850 500 2043 papaveris
529 1845 810 1951 lachrymaex
830 1868 937 1955 aqua
949 1847 1077 1954 froas
1095 1845 1339 1960 inungendo.
1399 1845 1495 1930 Alia
1515 1847 1683 1935 mecha-

115 1962 263 2045 'nicaa
288 1956 446 2073 jutoria
460 1958 513 2044 ad
531 1956 721 2051 somnum
737 2056 746 2067 ¹,
779 1954 1059 2061 rocurandum
1089 1956 1241 2051 eodem
1269 1959 1405 2068 capite
1432 1958 1612 2058 indicat,
1639 1962 1685 2045 ia

127 2071 191 2157 his
210 2075 374 2159 aurium
402 2074 445 2157 &
465 2070 730 2185 temporum-
777 2069 896 2168 erio,
913 2068 974 2157 ut'
992 2088 1063 2154 ote
1083 2067 1233 2183 quibus
1250 2068 1358 2181 ipsae
1387 2068 1536 2157 bestiae
1555 2075 1685 2159 iratae

128 2186 318 2271 mitiores
334 2182 455 2269 reddi
474 2172 644 2305 soleio't.
681 2180 812 2269 Haec
831 2094 1016 2307 remedia
1032 2181 1077 2265 in
1104 2182 1238 2267 mania
1256 2180 1510 2292 praescribit.

187 2296 273 2384 Pro
292 2295 566 2399 vesicatiorre,
591 2294 815 2411 praecipue
829 2297 879 2381 in¹
894 2291 1127 2407 EPilepfia,
1153 2290 1473 2381 fridionescum
1496 2294 1684 2383 Cantha·

129 2409 292 2495 ridibus
309 2396 573 2522 praesciib'ir,
599 2410 722 2523 antea
741 2433 846 2497 vero
862 2404 1150 2518 ladiscopiam
1160 2403 1245 2490 bibi
1253 2406 1479 2523 praecipit,
1505 2408 1686 2495 adaver-

129 2521 301 2718 rerppapr
320 2519 881 2744 veficaidnflimmajiiifflsn
899 2516 1324 2714 dedcorataaliairmrr}
1338 2522 1462 2606 mori.
1480 2550 1515 2606 c.
1535 2552 1575 2626 4.

226 2661 254 2719 o
286 2659 456 2720 emcon
503 2662 547 2721 ro
610 2660 720 2719 emme
751 2662 819 2717 aa
853 2657 953 2718 eua
980 2657 1079 2715 arca
1097 2648 1280 2717 utitur*-

134 2793 147 2827 ·
188 2744 235 2830 in
255 2744 481 2855 Lethargia
511 2746 794 2858 Euphorbium
812 2764 902 2829 cum
918 2746 1096 2859 anguino
1109 2746 1296 2857 gleucino
1314 2745 1429 2845 dari,
1458 2744 1501 2830 δι
1521 2742 1687 2836 femora

130 2861 277 2945 urticis
296 2857 493 2945 stimulari
509 2856 643 2968 jobet.
700 2858 777 2942 De
794 2872 933 2963 curat.
948 2854 1072 2969 mord.
1092 2860 1309 2970 acilia-cap.
1340 2889 1380 2940 2.

187 2970 417 3059 Friiiiones
435 2997 531 3058 cum
550 2968 704 3097 Scylstis
721 2966 1112 3091 in--epodemiipein
1129 2967 1323 3071 ¹adhibet,
1351 2969 1549 3085 idemque
1577 2971 1686 3085 clys-

129 3086 249 3173 matis
267 3083 382 3194 injici
402 3083 575 3170 vultista.
609 3106 794 3186 ’rra
824 3104 843 3183 .‘·
974 3086 1175 3199 ›·}„;.'·'··‘·³=''i‘'

191 3197 423 3309 castoream,
439 3196 635 3286 dimidiae
654 3182 1352 3310 drachmadsspdnd'erepraescribit,
1370 3195 1411 3279 in
1424 3191 1685 3305 clysteribus:

133 3308 360 3419 castoream
370 3308 563 3394 dimidiae
573 3309 787 3394 drachmae
790 3309 969 3421 pondere
980 3340 1034 3394 ex
1042 3311 1196 3418 mulstae
1205 3306 1366 3418 cyathis
1377 3307 1518 3392 tribas
1529 3308 1684 3422 adplu-

132 3449 204 3505 res
221 3420 310 3507 dies
327 3421 538 3506 bibendam
558 3423 633 3534 est,
651 3421 700 3531 st
712 3421 913 3507 didicero
931 3420 1168 3535 aroaposstt,
1197 3421 1255 3504 ad
1272 3419 1558 3505 demoliendam
1576 3422 1689 3504 cala·

131 3533 344 3631 mitatem,
372 3558 460 3617 com
479 3537 559 3618 olei
575 3534 740 3646 cyathis
767 3534 927 3632 tribus,
956 3536 999 3617 in
1019 3555 1096 3647 quo
1116 3550 1217 3617 ruta
1234 3535 1391 3617 incolia
1399 3530 1483 3639 fit,
1520 3532 1691 3647 duplum

130 3648 316 3731 inimum
336 3647 565 3747 intestinum
593 3649 866 3757 inflandator,
903 3644 952 3750 id
977 3669 1026 3727 ue
1051 3647 1299 3759 perplures
1327 3645 1416 3729 dies
1433 3646 1687 3753 fhciendum.

129 3756 263 3844 Dosrn
292 3758 432 3871 postea
461 3758 592 3845 tribus
612 3758 747 3845 obolis
779 3674 1103 3855 circumdabit,
1132 3783 1354 3872 quaecum
1374 3753 1687 3843 haccoincidit.

131 3871 271 3974 Affam
283 3870 488 3981 foetidam
507 3899 610 3957 vero
630 3870 682 3955 ad
702 3871 791 3956 ervi
818 3869 1051 3957 mensuram
1077 3866 1330 3981 praescribit.
1389 3867 1565 3989 92qust
1574 3898 1689 3979 cyre·

132 3985 244 4068 maici
270 3984 480 4098 laserpitii
509 3984 738 4099 lachrymae
762 3984 876 4093 copia
904 3983 964 4066 ibi
972 3980 1081 4088 fiat,
1110 3982 1215 4067 hanc
1241 4001 1340 4095 opus
1364 3985 1564 4182 egxmelle
1581 3985 1690 4067 collo

131 4096 367 4179 involutam
385 4096 443 4180 ad
457 4100 554 4180 ervi
571 4127 636 4182 ma
663 4095 888 4180 mitudinem
907 4093 1183 4179 devorandam
1210 4092 1324 4178 dare.
1474 4120 1561 4207 quo
1589 4094 1689 4180 loco

132 4206 325 4315 colligas,
353 4125 723 4318 pharmacumboc
735 4236 789 4294 ex
807 4234 961 4318 genere
972 4208 1177 4293 rariorum
1188 4203 1317 4292 fuiffe.
1376 4208 1567 4306 Ervom,
1596 4205 1687 4293 vul·

131 4320 221 4428 gari
241 4317 333 4404 faba
352 4322 566 4435 aliquanto
587 4320 788 4430 majorem
809 4322 1055 4433 putaverim.
1085 4319 1174 4404 Lac
1194 4320 1235 4403 in
1247 4318 1401 4432 phtia,
1431 4347 1510 4405 ceu
1528 4318 1689 4431 specifi-

130 4458 254 4529 cum,
283 4431 437 4519 laudat.
479 4439 573 4544 (De
600 4438 815 4521 curatione
840 4434 963 4517 morb.
993 4448 1102 4518 aaut.
1131 4432 1157 4517 l.
1183 4460 1217 4515 r.
1242 4457 1388 4518 recens
1412 4432 1692 4518 foeminarum

132 4544 195 4630 lac
216 4546 446 4658 optimum,
475 4547 688 4661 caprinum
711 4545 930 4660 pcffimum
948 4543 1109 4743 jrppiicat
1138 4543 1262 4631 morl.
1284 4563 1393 4632 acor.
1425 4550 1454 4631 l.
1480 4548 1519 4629 2'.
1534 4571 1591 4742 ‘affl
1594 4548 1633 4627 6.

1020 4683 1102 4765 pa
1592 4680 1692 4773 gro.
