1200 1592
335 160 595 184 MENSURARUM
610 161 631 183 δι
645 161 855 185 PONDERUM.
950 143 990 195 roc

205 220 311 238 tenentur.
341 214 383 237 Sed
393 221 493 243 ponamus
504 221 531 236 ex
540 214 614 236 Pecko
623 216 688 244 coqui
700 216 724 237 18
735 216 796 238 libras
807 216 896 239 Averdu
911 218 990 243 ois3se-

204 243 299 266 cundum
309 243 392 272 pondus
401 245 422 265 ὅτ
433 243 538 265 mensuras
549 244 663 268 Romanas,
673 244 756 265 modius
766 245 872 266 Romanus
881 222 942 268 nigras
947 247 991 268 Ra*

204 280 278 294 manas
286 273 371 294 circiter
381 280 409 298 24
418 271 505 297 reddet,
520 279 573 300 quae
583 273 637 293 ratio
647 279 695 293 cum
705 272 739 293 illa
749 273 819 294 Plinii
832 276 939 296 convenit.

234 301 329 323 Pretium
339 300 387 329 pani
402 300 530 328 fimilagineo
545 300 636 321 Londini
650 300 788 334 constituturq
796 316 803 326 ,
818 302 912 330 respeflu
927 304 990 331 pretii

205 330 282 354 tritici,
287 330 368 351 ratione
375 336 384 354 3
394 335 417 355 :5
424 329 552 353 continetur,
558 329 586 350 ita
591 334 614 350 ut
621 335 648 350 ex
653 328 725 350 Pecko
731 329 796 350 tritici
801 331 858 358 panis
864 332 955 352 nummis
962 339 988 358 25

205 363 282 380 veneat
287 372 294 383 ‚
304 357 319 379 fi
325 357 408 379 Peekus
414 357 479 378 tritici
487 364 495 377 ι
500 364 511 383 5
517 358 589 378 veniit.
606 357 683 378 Panem
690 358 711 378 in
717 357 780 379 fimila
797 358 835 379 'nis
840 358 938 381 castratae
944 366 990 381 mo-

204 386 276 411 dium,
291 393 345 415 quae
359 385 441 407 mediae
456 385 555 407 bonitatis
570 392 646 413 panem
655 385 752 413 praebet,
792 386 856 407 linias
868 394 876 412 3
889 386 904 408 s.
921 387 955 409 od.
967 390 990 414 2}

205 421 226 443 q.
240 414 332 436 aestimat
342 421 347 435 :
372 413 421 435 hinc
436 420 477 442 ope
492 413 644 435 demonstratae
660 414 802 442 proportionis
819 414 936 443 fimilaginis
955 422 991 437 ca-

204 443 279 465 stratae
308 443 422 464 uartarium
433 450 442 468 3
455 442 468 463 l.
481 449 490 467 3
498 442 512 463 s.
523 444 536 463 6
547 442 567 463 d.
578 442 646 472 media
656 448 738 463 annona
748 442 816 464 valere
827 444 960 471 reperiemus.

232 471 318 499 lnfigms
327 470 446 492 differentia
460 470 515 492 inter
529 477 606 498 panum
622 471 678 492 varia
692 471 759 498 pretia
769 485 775 495 ,
789 478 801 492 a
815 478 856 500 qua
871 471 990 494 nostrorum

204 505 325 528 temporum
339 500 408 521 variae
422 498 573 521 aestimationes
588 499 651 526 longe
665 498 749 522 absunt,
763 500 825 520 nimis
834 499 898 521 dofle
908 500 989 528 palato,

203 528 272 550 forsan
282 528 346 549 etiam
356 527 463 555 coquendi
473 528 560 552 rationi,
575 527 707 549 attribuenda
722 527 813 549 videtur.
847 528 928 549 Panum
938 535 990 557 qua-

204 562 253 579 tuor
263 562 340 584 genera
351 556 438 577 Plinius
453 561 560 581 numerat,
576 556 703 584 Ostreart'um
713 570 720 580 ,
734 555 760 577 ab
770 555 843 577 ostreis
852 571 859 581 ‚
874 556 989 585 Artolaga-

203 592 252 607 num
267 591 278 606 2
293 584 373 606 deliciis
383 598 390 608 ‚
405 583 527 612 Speusticum
541 591 553 605 a
567 581 637 604 σπίυὸω
648 598 654 608 ,
669 583 744 605 festino
753 599 760 608 ,
776 584 797 605 δι.
807 584 962 612 Artopticium,
977 592 989 606 a

203 613 300 637 clibanisff,
309 613 331 633 in
341 612 416 641 quibus
426 612 569 641 coquebatur,
584 613 612 634 ita
621 612 707 634 dietum.
735 612 796 640 Quze
806 612 834 634 de
844 617 897 641 pane
907 619 935 634 ex
940 613 989 634 Pli-

202 643 236 664 m'o
245 640 355 663 noviffime
365 640 454 665 adduxi,
469 640 496 662 de
506 640 548 662 hoc
558 641 679 668 Artopticio
689 640 743 662 dista
753 646 834 669 putato.

230 669 264 692 Ex
273 668 381 697 descriptis
390 675 467 697 panum
478 669 557 690 ultimis
566 670 759 697 pretiis‚annonam
765 669 832 690 multo
838 670 941 691 cariorem
946 669 989 691 Ro-

202 706 246 721 me
256 696 315 719 fuiffe
324 697 442 725 colligimus
452 702 610 726 tempore‚quo
616 696 823 722 Plinium-scribebam
837 703 900 726 quam
910 697 989 719 Londi-
1000 725 1002 727 v

202 728 224 749 ni
234 726 268 748 est.
298 726 392 754 Apparet
399 732 500 775 guoque,
514 725 573 754 quod
583 726 685 747 mercium
695 726 763 753 pretia
772 725 820 747 vilia
829 726 901 753 primis
906 731 989 754 tempo-

202 755 259 777 ribus
268 754 358 778 fuerint,
372 760 398 775 au
419 761 472 782 aque
481 760 504 775 re
514 755 629 775 nummaria
638 754 683 781 pari
692 753 748 782 paffu
758 754 875 778 creverint,
889 753 990 782 quemadq

202 783 290 806 modum
305 782 327 804 in
337 782 427 810 Angh'a,
442 782 515 804 Gallia
526 782 547 803 &
557 781 606 803 alibi
619 782 640 803 in
651 782 738 811 Europa
747 781 805 805 idem
815 782 913 811 contigit.
