1200 1592
126 105 963 259 ”PRAEFATio

307 441 313 447 f
328 426 369 450 011
381 424 451 459 egois
459 421 508 449 sum
516 443 523 455 ,
537 425 602 459 cujus
610 424 817 451 commendatione
828 426 928 452 multum
934 436 997 463 pon-

309 478 313 479 γ
346 458 404 483 deris
418 457 447 483 ad
459 457 552 483 alterius
571 467 629 493 opus
644 458 751 490 accedat,
772 467 811 484 aut
823 462 887 494 cujus
899 470 997 495 praeco-

310 494 313 519 ζ
346 495 386 517 nio
398 492 485 517 alienus
498 491 565 517 labor
575 492 605 517 ad
617 491 812 518 existimationem
820 493 946 520 hominum
952 495 996 521 ali·-
1019 516 1028 520 f.

363 533 435 552 uanto
447 525 514 551 latius
527 525 645 557 dimanet3
665 535 741 561 neque
754 526 812 552 adeo
830 530 924 555 morem
942 537 996 563 ges-

301 556 312 581 [²
346 536 420 587 Essem
437 559 510 585 biblio
544 559 580 585 lae
597 560 627 585 fla
644 562 713 585 itanti
731 567 757 585 ut
776 560 863 586 librum
875 561 939 587 hunc
951 562 996 590 duq

155 599 213 624 dum
225 600 287 623 exire
299 596 437 632 gestientem
449 602 505 633 prae
516 595 594 619 atione
606 595 630 618 in
663 603 757 625 nerem,
765 593 807 621 nifi
818 594 868 620 hoc
879 597 995 623 amicitiae

149 631 278 658 *doffiffimi
302 631 346 656 viri
376 630 469 663 juvenis
492 629 607 653 Daunus
625 629 731 653 Ki‘mmn
741 647 749 659 ,
780 629 905 655 immatuta
928 631 995 656 nior.

154 673 179 692 te
198 664 328 701 piaerepfi,
349 661 453 689 d'andum
465 660 591 696 putaffem5
611 663 665 702 qui,
685 661 702 686 fi
719 660 769 687 fata
785 661 900 695 sivissent,
919 664 994 690 Ιεᾶο-

152 708 207 725 rem
219 699 266 724 fine
285 699 410 734 prooemio
422 705 471 722 non
483 695 558 721 filei-at
571 695 714 727 dimiffurus,
733 695 772 721 sed
778 704 804 721 ut
815 698 901 731 peritus
909 717 916 728 ‚
935 700 993 734 'qua-

153 733 183 758 lis
195 741 258 764 erat,
279 732 417 758 ar'chiteeaeus
430 729 565 756 aedificium
574 729 640 755 suum
651 730 776 765 pei-pulcro
794 738 946 757 exornatus-us
957 731 994 758 fa-

153 766 236 802 stigio:
257 768 343 802 quique
354 774 393 791 me
405 766 479 799 lon-ge
491 764 573 789 melius
585 766 702 790 rationem
721 763 840 800 susceptae'
850 763 919 800 hujus
932 765 992 791 diffi-

152 801 205 826 cilis
224 809 310 835 operae
322 797 454 825 reddidiffet
465 797 526 832 ipse,
546 798 632 833 quidve
651 797 680 823 ab
694 797 718 823 se
730 797 770 822 hic
781 798 931 833 praestitum,
950 800 992 826 ad-

152 834 229 859 ditum
247 831 478 867 animadversumque
497 830 537 862 fit,
563 831 692 857 adem-atius
709 831 806 857 edocere
824 839 848 858 te
874 833 991 868 potuisset.

152 870 188 893 At
205 867 300 902 quando
312 866 372 891 illius
385 874 448 891 nunc
460 872 537 900 partes
550 873 563 890 a
580 874 619 890 ere
634 865 694 890 mihi
706 864 739 890 est
756 866 905 901 impositum,
925 869 952 893 iis
964 875 991 900 ut

153 908 238 936 potero
249 900 371 935 defungar.
408 899 539 938 Quinque
550 874 580 924 a&
592 908 672 924 veram
684 901 760 934 operis
771 902 908 936 cujusquam
914 901 991 927 existi-

153 937 284 960 mationem
298 934 360 959 haud
373 941 455 968 parum
461 932 546 964 faciat,
554 932 618 958 nosse
632 933 706 967 qualis
718 934 766 967 ejus
778 933 848 959 fuerit
860 935 953 969 opifex,
961 936 991 962 de

152 978 182 994 eo
195 976 283 1003 pauca,
303 971 326 993 δι
339 966 386 992 sine
405 966 455 991 uilo
472 966 611 992 adulationis
627 967 683 991 fuco
696 967 839 1001 ,praemifisse
849 987 857 999 ‚
877 977 927 993 non
945 971 990 996 erit

153 1002 262 1027 alienum.
300 1001 419 1026 Oriundus
431 999 509 1025 noster
515 1007 564 1025 erat
576 1008 589 1025 a
602 999 718 1025 celebrata
728 1001 789 1026 inter
801 1001 903 1027 eruditos
916 1002 990 1028 Koni—
1033 1001 1037 1007 “

148 1036 240 1070 giorum
268 1042 336 1066 ente,
355 1036 431 1070 patria
447 1034 581 1064 Helvetius,
601 1033 661 1059 filius
674 1036 788 1059 §amonis
801 1037 919 1067 Kbnmu,
957 1037 989 1063 ud

151 1071 244 1095 Berneu
255 1078 278 1094 es
290 1068 411 1104 quondam
426 1067 559 1102 linguarum
577 1068 750 1099 Orientalium,
775 1068 829 1094 dein
847 1072 871 1094 δε
892 1071 945 1095 Mat
964 1080 989 1096 e-

147 1102 201 1129 'seos
212 1102 300 1127 ibidem
312 1101 445 1137 professoris
458 1100 571 1126 clariffimi
578 1121 586 1133 ,
605 1101 677 1127 frater
689 1101 772 1127 summi
785 1102 857 1128 nostri
868 1105 938 1129 amici
945 1106 988 1130 SA-

152 1145 237 1162 mmus
250 1138 368 1167 Kfimen,
376 1138 415 1171 qui
426 1134 566 1160 sereniffimo
577 1137 681 1171 Principi
692 1137 795 1161 Auriaco
807 1138 989 1165 GULlELMO

152 1171 185 1197 V.
223 1170 263 1196 Bel
282 1171 298 1195 ii
312 1170 425 1195 foederati
444 1168 617 1200 Gubernatori,
635 1178 650 1194 a
668 1168 767 1194 confiliis
786 1173 809 1195 &
829 1169 987 1204 biblififfieca,

107 1206 110 1208 ’
151 1203 263 1239 Philosop
282 1205 317 1229 iae
329 1202 483 1229 Professus-em
501 1205 585 1238 Hagae
602 1204 727 1228 Comitum
750 1206 879 1230 etiamnum
897 1205 988 1232 strenue

152 1240 208 1273 agit.
245 1237 327 1263 Ambo
342 1237 367 1263 hi
380 1236 461 1263 fratres
468 1257 477 1271 ,
496 1237 576 1263 relidta
589 1245 686 1286 pzofter
697 1238 811 1263 invidiam
823 1240 910 1265 civium
928 1247 989 1298 ικιιιῐιι.

683 1285 685 1288 ·
933 1281 949 1298 n
974 1289 987 1296 .-
