4140 5646
472 324 996 442 ‘unnsunanuut
1032 332 1120 439 nn
1155 318 1560 446 rononnurt.
1756 345 1827 467 67

242 554 385 644 ribus:
415 553 478 643 his
507 554 683 657 additis,
713 586 770 666 24
787 555 901 642 horis
920 554 1096 754 spatium
1115 584 1187 665 155
1222 558 1462 648 Milliarium
1482 560 1752 677 Anglicoram
1780 595 1824 655 e-

240 672 519 773 metiremur,
547 670 664 786 quod
684 671 859 756 nimium
879 670 921 756 vi
953 693 1059 755 etur.
1465 733 1468 737 «

308 785 536 870 Salomonis
555 782 691 872 classis
711 811 859 871 aurum
879 811 933 870 ex
953 781 1077 893 Tarst
1128 784 1352 885 uaefituta,
1381 788 1609 876 triennium
1628 793 1671 876 in
1701 794 1827 883 itine-

245 925 297 985 re
327 898 580 997 consumsrt,
621 897 734 987 unde
764 896 1008 985 tardissrmas
1037 813 1154 985 fuisse
1184 901 1393 985 onerarias
1412 928 1537 987 naves
1556 902 1752 1017 adparet,
1780 908 1825 996 id

238 1012 369 1209 quocpl
388 1012 470 1125 ipsa
487 1010 646 1099 fabrica
665 1011 910 1110 confirmata
942 1038 1087 1100 omnes
1107 1012 1221 1098 enirn
1243 1012 1310 1098 vel
1320 1033 1475 1099 teretes
1495 1036 1638 1116 eraut,
1667 1021 1734 1106 vel
1755 1050 1825 1110 ro-

248 1143 423 1211 tunae.

305 1236 539 1326 Enimvero
557 1240 665 1354 ipsa,
726 1267 803 1328 uae
813 1238 1118 1339 recensuimus,
1148 1240 1297 1327 itinera
1317 1261 1517 1340 monent,
1543 1262 1594 1330 ut
1622 1246 1821 1333 Romano-

251 1355 446 1553 rgnpvias
470 1354 512 1440 ἃ
539 1268 951 1468 pontesiuslremus,
978 1354 1162 1440 Tabulas
1185 1352 1281 1440 huic
1302 1382 1474 1470 quoque
1504 1382 1647 1445 rerum
1676 1364 1823 1472 generi

241 1491 274 1551 a
348 1488 508 1554 reaturr.

303 1493 501 1669 iubricae
513 1582 1822 1694 Romanorumviae‚liearum&longitudinem,&solidamim·

242 1696 466 1811 mensaque
477 1696 592 1780 simul
603 1696 761 1782 sumtus
772 1696 970 1785 fabricam
981 1697 1224 1809 speslemus,
1236 1694 1822 1811 MaiestatislmperiiRomani

247 1833 348 1921 prae
359 1813 511 1896 ceteris
521 1809 948 1921 infigniaargumenta
959 1811 1064 1896 sunt.
1101 1811 1523 1909 AMilla'ariAurea,
1541 1811 1610 1897 seu
1651 1814 1758 1900 timo
1776 1818 1822 1905 in

248 1921 388 2008 media
399 1925 529 2008 Roma
548 1923 683 2033 pofito
695 1923 1063 2038 lapide,tanquam
1082 1944 1266 2011 ecentro
1287 1923 1600 2034 prodeunteS,a
1652 1929 1821 2016 ultimos

244 2033 379 2150 usque
400 2034 565 2148 lmperii
575 2036 729 2121 limites
748 2036 1120 2150 protendebantur.
1171 2052 1247 2123 Per
1266 2036 1449 2148 plurium
1471 2037 1712 2124 Milliarium
1731 2043 1821 2153 spa·

249 2148 356 2233 tium
366 2150 456 2262 plus
469 2177 554 2234 uno
573 2151 695 2248 loco,
715 2176 847 2262 prope
868 2148 1213 2248 Fundosurbem,
1231 2151 1394 2260 integra
1413 2149 1550 2235 adbuc
1571 2155 1711 2282 Appia
1730 2157 1824 2255 via,

247 2258 457 2348 licetante
477 2292 589 2348 2000
610 2261 761 2348 abhinc
774 2289 902 2348 annos
913 2266 1116 2360 excitata,
1136 2285 1288 2347 manet.
1325 2264 1477 2376 Neque
1496 2263 1540 2348 id
1560 2264 1823 2367 mtl'andum,

249 2371 279 2458 sr
300 2372 542 2461 struslutam
562 2376 812 2463 confideres.
873 2379 1146 2488 Montfaucon
1166 2378 1208 2459 in
1228 2377 1371 2461 locum
1391 2375 1595 2487 lapidibus
1615 2377 1821 2467 nudatum

184 2487 189 2498 '
243 2487 443 2572 Velitras
461 2491 572 2575 inter
603 2490 645 2575 δι
667 2489 968 2576 Sermonettam
986 2494 1029 2576 se
1048 2486 1235 2576 incidisse
1254 2487 1420 2588 scribit,
1448 2516 1535 2603 quo
1557 2486 1609 2574 ad
1629 2512 1821 2579 contem·

247 2598 443 2711 plaudam
462 2601 663 2689 fabricam
683 2605 912 2691 commode
931 2604 1095 2714 adjutus
1115 2602 1184 2689 est.
1244 2602 1402 2797 Aspera
1421 2602 1537 2701 saxa,
1568 2604 1822 2692 tenacislrma
1896 2708 1899 2712 ¹

246 2713 364 2799 calce
393 2714 650 2800 consolidata
678 2715 985 2802 substructionis
1012 2717 1112 2800 loco
1141 2714 1266 2799 sunt:
1328 2716 1361 2796 is
1387 2714 1620 2826 lapillorum
1651 2717 1821 2804 llratum

244 2823 495 2931 interspersa
525 2853 649 2912 arena
667 2826 1161 2938 itasuperirnposuerant,
1180 2844 1228 2909 ut
1248 2825 1374 2910 defixi
1394 2827 1438 2907 in
1459 2827 1589 2911 infimi
1608 2826 1718 2913 strati
1748 2829 1822 2916 seu
1882 2930 1885 2937 ‚

241 2935 442 3023 saxorum
471 2941 670 3024 cavitates
698 2939 825 3047 lapilli
854 2964 1000 3022 omnes
1028 2938 1281 3024 srnuosttates
1311 2958 1606 3051 exaequarent.
1687 2940 1822 3053 Quod

237 3048 462 3175 ingeniose
481 3052 769 3160 excogitatum
781 3049 861 3145 est,
874 3076 971 3132 curn
993 3049 1171 3146 vix,nist
1190 3048 1347 3161 duplex
1366 3046 1559 3149 stratum,
1579 3049 1821 3164 temporum

240 3163 407 3272 injuriis
434 3162 618 3247 resistere
645 3163 793 3247 valeat.
850 3161 992 3249 Totus
1023 3188 1151 3273 agger
1179 3194 1197 3264 3
1233 3165 1403 3249 circiter
1433 3163 1563 3250 l’edes
1584 3167 1821 3274 Parifinos,

245 3274 318 3363 seu
341 3306 360 3376 3
387 3276 516 3361 Pedes
537 3277 735 3390 Anglicos
754 3301 852 3361 cum
874 3292 915 3375 2}
937 3276 1091 3360 Pollice
1112 3273 1262 3361 crassus
1282 3275 1353 3362 est.

306 3385 1818 3503 Viatorumingratiamviasexcitatissubindeutrimquesemitis,innpe-

248 3501 314 3589 dis
325 3502 589 3588 altitudinem
600 3562 616 3601 ,
625 3503 805 3589 duorum
827 3505 869 3585 in
891 3501 1153 3588 latitudinem
1173 3499 1691 3611 portesliS,includebant.
1721 3504 1819 3614 Qua

245 3617 290 3703 in
312 3644 359 3701 re
379 3643 527 3701 eorum
548 3616 775 3702 commoda
794 3614 984 3729 spedasle
1006 3613 1234 3710 videntur,
1263 3616 1335 3728 qui
1357 3640 1513 3726 equum
1532 3613 1836 3702 conscendere.

245 3728 498 3842 cupiebant;
529 3731 681 3846 quibus
700 3729 961 3817 adminiculis
981 3757 1035 3813 ex
1054 3725 1511 3825 necessitate'subinde,
1540 3728 1694 3838 ignotis
1715 3751 1817 3814 tunc

242 3847 450 3954 temporis
469 3843 725 3957 stapedibus,
754 3843 992 3929 utebantur.
1052 3842 1247 3926 Militaris
1266 3843 1357 3926 viae
1376 3844 1487 3927 inter
1503 3839 1817 3927 semitaslatitu·

239 3955 307 4072 *do
332 3956 492 4065 14fere
512 3959 667 4068 pedum
686 3979 799 4056 erat,
828 3986 915 4072 quo
945 3957 1076 4068 spatio
1097 3954 1196 4041 dato
1225 3952 1348 4040 facile
1378 3953 1467 4041 duo
1494 3980 1643 4040 currus
1665 3953 1815 4064 junstis

244 4070 446 4157 lateribus
478 4071 734 4170 transibant,
774 4099 871 4156 cum
903 4072 1085 4181 plurium
1114 4096 1201 4152 uno
1242 4092 1434 4178 tempore
1464 4068 1690 4154 concursus
1719 4096 1817 4155 raro

242 4185 313 4273 illa
352 4206 489 4273 aetate
528 4185 864 4272 extimescendus
907 4181 1020 4268 esset.
1120 4179 1242 4265 Haec
1272 4179 1352 4265 suit
1392 4185 1553 4266 viarum
1596 4183 1637 4265 in
1676 4183 1814 4267 Italia

242 4295 416 4384 fabrica.
472 4297 579 4384 Aliis
599 4300 763 4384 veroin
783 4299 910 4395 locis,
937 4300 1046 4383 utin
1068 4296 1237 4380 Galliae
1265 4315 1415 4408 parte,
1445 4321 1569 4410 quam
1599 4296 1686 4378 Bel
1709 4300 1813 4379 icam

244 4409 476 4509 vocabant,
506 4413 700 4510 latiores,
729 4411 839 4497 hunc
860 4408 950 4496 sere
979 4413 1020 4495 in
1051 4409 1226 4495 modum
1256 4407 1561 4496 muniebantur.
1648 4326 1812 4494 lislam

244 4526 358 4610 inter
388 4526 494 4611 duos
522 4526 657 4612 sulcos
695 4527 908 4640 parallelos
939 4521 1166 4725 dpprellam
1204 4521 1334 4608 solida
1362 4526 1536 4614 materia
1565 4521 1811 4635 replebant,

963 4702 967 4707 -
997 4666 1020 4724 a

1038 4696 1052 4739 2
1082 4636 1382 4727 consolidatam
1399 4636 1622 4738 fabricam,
1652 4660 1739 4750 quo
1758 4630 1811 4718 ab

236 4664 382 4754 caque
402 4641 541 4731 arietis
561 4666 643 4754 ope
662 4640 773 4735 assic
787 4663 964 4757 compte
1218 4746 1236 4836 Ι
1749 4746 1760 4767 ⁸

1218 4803 1221 4809 ι
1267 4781 1291 4835 2
1746 4770 1812 4837 nt·
