4140 5646
239 278 319 378 136
481 243 794 343 TABULAE
824 240 1064 358 ANTIQ.
1093 240 1609 335 NUMISMATUM

238 484 282 570 in
302 469 547 592 Segobriga,
580 462 812 577 Hispaniae
839 460 1056 573 provincia
1085 454 1307 558 effossum,
1337 458 1481 547 audior
1509 458 1568 545 est
1587 460 1767 545 Plinius
1784 462 1811 547 l.

240 627 308 681 22.
330 617 368 674 c.
391 618 457 689 33.
544 579 661 667 Idem
690 600 820 686 genus
848 570 1113 686 postmodum
1135 573 1318 686 Cyprus,
1349 574 1408 657 Ca
1426 575 1626 688 pandoria,
1654 576 1816 687 Africa

241 704 453 796 &Sicilia
471 691 852 807 suppeditaverunt.
910 684 978 771 Ex
998 714 1050 771 eo
1069 686 1207 798 lapide
1226 684 1344 771 Nero
1409 686 1595 801 emplum
1614 690 1658 773 in
1687 716 1814 778 aurea

242 821 371 906 domo
412 810 543 909 osuit,
563 805 646 891 stne
656 800 842 887 fenestris
853 798 1206 886 luminosumsatis
1217 798 1815 919 interdiuzdlnbnslritisspe·

242 935 352 1020 ciem
372 842 490 1012 iiriss'e
510 916 742 1005 verosimile
764 912 845 1012 est,
874 909 1011 999 nostra
1039 912 1385 1025 pellucidiorem,
1415 940 1523 1029 quae
1541 916 1685 1027 lumen
1704 944 1816 1005 non·

240 1044 315 1133 nist
335 1034 569 1128 tenuissrme
597 1028 704 1116 seda
732 1028 990 1113 transmittit.
1075 1024 1293 1113 Fenestrae
1312 1053 1487 1115 munere
1517 1047 1642 1116 tenue
1672 1032 1815 1117 velum

241 1180 289 1245 ut
308 1154 533 1267 plurimum
550 1141 816 1253 fungebatur.
875 1140 1164 1223 Florentinum
1193 1139 1404 1255 quendam
1432 1138 1690 1241 senatorem,
1714 1146 1818 1231 Ἑο-

243 1285 453 1363 aaronem,
474 1285 577 1347 mox
587 1254 755 1343 edendo
766 1253 1036 1339 librovitreas
1045 1251 1241 1339 fenestras
1251 1254 1430 1368 antiquis
1440 1250 1685 1341 asserturum
1696 1254 1816 1359 fore,

241 1382 409 1473 monuit
419 1378 473 1460 de
494 1371 778 1480 Montfhucon.
836 1366 956 1480 Opus
975 1392 1188 1563 nunguam
1209 1366 1318 1466 vidi,
1346 1393 1485 1480 neque
1495 1369 1624 1476 igitur
1633 1370 1755 1458 allata
1764 1372 1816 1459 ab

243 1527 297 1585 eo
317 1506 561 1605 argumenta
591 1479 842 1592 dijudicabo.
930 1479 1029 1564 Non
1090 1478 1249 1591 isplicet
1278 1500 1418 1565 tamen
1439 1478 1542 1565 illud
1561 1482 1816 1586 Permulti,

243 1609 446 1704 dicentis,
475 1594 788 1685 urbaniffimum
818 1592 1042 1706 Augustam
1072 1618 1151 1677 nec
1179 1594 1336 1680 lineum
1362 1592 1569 1679 indusium
1596 1596 1639 1681 in
1659 1622 1816 1713 corpo·

244 1752 316 1823 re,
342 1745 423 1805 nec
439 1718 590 1799 vitreas
609 1704 806 1794 fenestras
824 1708 867 1789 in
894 1704 1026 1792 domo
1054 1703 1249 1793 habuisse.

303 1826 490 1919 Pretiosa
509 1819 759 1935 supelletiile
781 1819 932 1905 domos
963 1816 1209 1931 splenduisse
1230 1842 1414 1932 oportet.
1500 1817 1655 1939 Qinti
1680 1822 1815 1937 supel-
1864 1896 1869 1921 .,

246 1947 425 2037 lettilem
457 1934 691 2049 angustam,
730 1933 821 2047 plus
862 1931 1024 2035 80721.
1054 1930 1300 2035 constitisse,
1341 1933 1485 2025 retulit
1506 1938 1736 2025 Martialis
1755 1940 1816 2025 E·

236 2066 364 2188 pigr.
383 2060 426 2143 in
456 2054 673 2174 Quintum.

368 2281 532 2397 Cerastae
550 2278 683 2368 decies
711 2276 793 2367 tibi
809 2306 886 2366 non
896 2283 1083 2398 spoliasti
1094 2284 1299 2399 stepellene.

303 2514 505 2605 Sedilium
524 2511 711 2626 inprimis
732 2508 1030 2622 &lampadum
1050 2506 1231 2595 summus
1251 2508 1294 2597 δι
1314 2508 1501 2599 deledus
1520 2516 1561 2597 u
1580 2508 1704 2597 luxus
1724 2508 1812 2597 suit.

248 2632 516 2717 Cubicnlnres
534 2624 687 2724 letior,
717 2643 865 2710 contra
885 2620 1071 2709 distiniie
1090 2652 1112 2709 a
1131 2625 1445 2710 tricliniaribns
1478 2630 1536 2712 ita
1555 2624 1713 2723 dirtos,
1741 2650 1815 2735 po·

245 2742 402 2829 stremis
419 2736 679 2855 temporibus
697 2734 1006 2851 pretiosissimos
1025 2759 1395 2849 comparaverunt,
1425 2736 1641 2837 eburneis,
1669 2762 1815 2848 argen-

248 2860 348 2954 teis,
378 2856 535 2953 aureis,
563 2852 651 2937 imo
672 2853 889 2961 gemmatis
909 2849 1085 2963 pedibus
1104 2850 1350 2961 variegatos
1408 2850 1542 2951 Tori,
1569 2853 1813 2963 plumarum,

246 2969 481 3061 stramenti,
502 2966 757 3078 aliarumque
768 2964 991 3050 herbarum
1001 2966 1201 3074 congerie
1213 2965 1558 3160 turpebanmimo
1568 2990 1641 3050 eos
1652 2962 1746 3076 ipsas
1756 2961 1815 3049 se·

247 3106 386 3166 rarum
399 3077 597 3191 pellibus,
617 3103 718 3191 quas
730 3078 876 3161 Gallia
885 3076 1196 3188 suppeditabat,
1224 3104 1270 3163 re
1291 3098 1403 3165 ertos
1425 3078 1672 3165 habuerunt.
1732 3077 1820 3163 Le·

246 3189 335 3281 iios
356 3214 441 3277 tam
462 3190 543 3275 alte
565 3186 733 3275 evodus
754 3188 884 3275 refert
905 3191 1081 3273 Plinius
1098 3190 1169 3277 lib.
1190 3222 1258 3275 20.
1279 3213 1327 3278 ut
1347 3192 1542 3303 gradibus
1562 3189 1817 3277 adscenden-

246 3307 348 3393 dum
379 3302 492 3391 esset.
551 3298 658 3388 Vela
677 3301 963 3416 circumpensa
982 3304 1128 3391 nullibi
1146 3304 1356 3417 leguntur.

304 3418 575 3505 Publicorum
597 3414 883 3503 aedificiorum
900 3416 1086 3531 sumptus
1106 3416 1189 3507 hoc
1217 3419 1316 3505 loco
1336 3438 1560 3516 excutere,
1587 3443 1709 3531 apro
1740 3416 1816 3504 ofi-

246 3558 293 3621 to
313 3534 364 3618 ali
396 3560 452 3618 uo
473 3528 604 3616 modo
623 3527 803 3616 alienum
824 3530 894 3617 est.
955 3533 1199 3617 Plinienem
1219 3550 1360 3619 tamen
1381 3534 1446 3617 M.
1467 3532 1656 3617 Scauri²
1751 3559 1818 3617 ea·

246 3647 303 3731 tri
321 3561 648 3759 discriptionem
665 3644 773 3731 infra
789 3643 976 3763 adposui.
1033 3641 1196 3732 Verum
1207 3644 1574 3734 Architetionicae
1593 3642 1704 3731 haud
1713 3642 1817 3778 ‘satis

1633 3778 1819 3872 pentus,

284 3985 430 4050 arltniur
445 3984 566 4057 l.36.e.
584 3997 630 4057 15.
669 3982 954 4063 Scenaelulplerln
969 3986 1008 4047 al·
1048 3984 1817 4064 ninumLxxxntttta:cun1’ompejant‘nrea·

140 4125 149 4140 ,
245 4062 398 4123 titudinem
412 4069 469 4134 ³⁶0
483 4058 695 4131 columnarum,
716 4061 746 4121 in
760 4082 795 4124 ea
808 4064 1008 4142 civitatequae
1048 4067 1085 4125 tri
1112 4066 1199 4125 toties
1221 4066 1410 4143 multiplicata
1439 4068 1510 4125 urbe
1537 4078 1677 4141 tantoque
1705 4066 1817 4137 majore

245 4140 292 4198 lex
312 4140 463 4217 hymettiar
477 4149 535 4196 non
550 4136 651 4196 tulerat
664 4136 721 4199 stae
742 4144 849 4216 prolrro
864 4140 935 4199 civis
949 4158 1008 4201 am·
1066 4160 1086 4203 o
1107 4142 1179 4212 ulo,
1208 4140 1325 4201 sufficiat
1348 4144 1426 4217 large
1460 4138 1648 4218 quadraginta
1675 4140 1815 4203 millibus.

241 4213 366 4305 pllffimi3
406 4216 466 4305 lma
477 4230 544 4304 para
555 4212 655 4303 scenae
670 4230 788 4277 emarm
810 4234 843 4277 re
856 4216 928 4276 suit:
948 4234 1004 4278 me·
1044 4161 1106 4280 gei
1121 4216 1289 4294 &reliquus
1310 4232 1458 4295 apparatus
1478 4230 1596 4288 tantur,
1615 4216 1745 4277 Attalica
1766 4236 1817 4280 re·

244 4290 293 4351 dia
306 4309 323 4351 e
336 4304 428 4363 vitro,
448 4288 577 4349 inaudito
591 4304 678 4349 etrum
689 4290 788 4367 postea
801 4310 908 4371 genere
925 4294 1005 4354 luxu·
1043 4294 1103 4365 sle,
1122 4294 1242 4353 Tabulis
1258 4295 1354 4372 pistis,
1376 4308 1549 4370 caeteroque
1575 4292 1718 4373 choragio
1734 4294 1815 4367 mn,

242 4372 320 4434 riae:
347 4368 453 4430 sutnma
474 4385 492 4425 e
512 4366 616 4424 tabulis
639 4366 786 4426 inauratis.
826 4370 1002 4445 Columnae,
1044 4384 1075 4431 nt
1090 4373 1118 4430 in
1127 4369 1318 4430 Tusculanam
1333 4371 1430 4429 uillam
1439 4370 1672 4447 reportatisqnae
1681 4372 1816 4447 superflu-

243 4459 275 4508 ut
296 4446 435 4514 diximus,
456 4441 766 4517 duodequadragenum
785 4444 899 4520 pedum.
938 4448 997 4523 Sig-
1043 4450 1129 4508 ebant
1144 4446 1307 4523 quotidiani
1322 4448 1385 4506 usur
1407 4446 1535 4517 deliciis,
1557 4446 1672 4507 incensa
1692 4448 1764 4507 villa
1775 4450 1812 4509 ab

243 4542 280 4583 na
294 4537 379 4583 aerea
397 4518 645 4589 intercolumnas,
666 4530 698 4576 ut
720 4519 921 4591 indicavimus.
943 4522 1000 4580 sue·
1042 4525 1121 4585 iratis
1132 4524 1234 4595 servir,
1256 4537 1489 4586 concremaretur
1511 4522 1550 4585 ad
1568 4522 1630 4587 HS.
1656 4522 1775 4585 millies.

242 4610 309 4663 runt
322 4601 378 4660 tria
389 4595 479 4659 mtttta
497 4610 628 4655 numero.
666 4594 763 4656 cauea
777 4597 833 4673 ipsa
853 4600 933 4675 cepit
950 4600 1000 4660 ho·
