4140 5646
249 286 324 373 xrs
455 274 768 367 Taunum
826 272 1067 388 numo.
1126 272 1631 371 numismatum

237 494 325 592 sos,
354 490 503 607 quibus
534 493 709 603 integris
740 489 793 572 de
822 484 956 571 fundo
985 512 1064 595 pro
1093 486 1229 573 lubitu
1258 488 1575 583 constituerent.
1692 500 1812 591 Mul.

238 630 282 737 ta
301 606 407 738 hanc
427 608 470 690 in
500 631 612 704 rem,
641 602 713 689 sed
736 598 973 697 obscurius,
1000 598 1150 710 scripta
1179 604 1360 711 reperias
1388 608 1501 715 apud
1532 610 1744 727 Hyginum
1764 620 1812 707 de

241 722 532 945 hmlstll'lgalia
553 858 576 911 a
596 828 795 912 Romanis
814 826 934 909 initio
954 821 1229 933 Reipublicae
1248 826 1336 913 duo
1361 830 1617 941 potissimum
1635 844 1815 953 penlita-

240 946 415 1042 bantur,
444 944 632 1055 velligal
658 941 701 1024 dt
720 940 934 1024 tributam.
1017 936 1123 1021 lllud
1143 941 1316 1049 triplex,
1347 943 1413 1026 vel
1442 972 1497 1031 cx
1522 953 1630 1061 agris
1649 954 1813 1061 sativis,

240 1060 308 1143 vel
340 1088 393 1143 ex
422 1054 627 1168 pastione,
656 1054 724 1138 vel
753 1078 808 1137 ex
835 1048 1071 1135 inveiiione
1091 1054 1309 1137 mercium.
1357 1106 1363 1117 ·
1508 1140 1515 1152 ,

213 1229 216 1235 ,
299 1187 316 1227 a
338 1169 593 1279 vestigalex
613 1167 720 1275 agris
739 1164 876 1247 sativis
895 1160 948 1247 ad
968 1166 1173 1247 rationem
1192 1160 1433 1277 Schellingii
1451 1170 1493 1253 in
1505 1170 1679 1285 singulas
1687 1180 1813 1273 libras

241 1280 467 1393 Sterlingi;
500 1308 553 1364 ex
573 1278 757 1363 arboreis
778 1298 917 1359 autem
947 1274 1000 1357 ad
1027 1278 1233 1360 rationem
1256 1310 1283 1381 4
1301 1276 1640 1393 schellingiorum
1660 1290 1812 1385 ssetiffe

242 1396 423 1483 videtur.
501 1390 607 1478 Illud
635 1390 848 1475 frumento
877 1413 1176 1585 nonnunpuam
1205 1390 1294 1501 ipso
1322 1388 1526 1493 solutum,
1556 1399 1814 1497 decumarum

241 1505 631 1594 nomineteniebat.
689 1502 758 1587 De
779 1502 966 1586 decumis
977 1502 1018 1583 in
1072 1502 1189 1583 icilia
1198 1504 1328 1587 multa
1337 1506 1379 1587 in
1398 1508 1597 1595 Verrinis
1614 1523 1812 1627 reperias.

242 1620 435 1729 Vecligal
455 1646 508 1701 ex
528 1614 800 1727 pastionibus,
829 1613 946 1726 quod
956 1616 1216 1725 scripturam
1236 1612 1406 1715 dixere,
1436 1618 1489 1702 ad
1508 1648 1734 1717 numerum
1742 1660 1813 1721 ca·

241 1734 378 1845 pitum
407 1732 593 1842 pecoris,
624 1748 688 1813 tot
717 1732 760 1811 in
791 1729 948 1837 capita,
988 1724 1245 1835 exigebatur.
1331 1726 1378 1812 ld
1397 1760 1425 1837 4
1433 1730 1604 1847 stliquis
1633 1743 1702 1827 vel
1722 1746 1809 1853 ςξά.

243 1843 397 1931 Codex
428 1840 720 1949 Theodostamrs
746 1839 937 1923 limitavit
966 1840 1010 1919 in
1040 1842 1189 1945 capita.

300 1945 407 2041 hux
424 1953 632 2041 mercibus
650 1951 822 2037 inveiiis
841 1972 968 2064 atque
987 1950 1230 2037 eredisfuit
1239 1957 1501 2065 portorium,
1528 1962 1571 2046 in
1581 1966 1810 2077 portubus,

243 2070 346 2181 ripis
379 2066 602 2153 fluminum
637 2088 708 2150 aut
736 2060 956 2174 pontibus,
987 2090 1064 2173 pro
1095 2068 1316 2173 regionum
1346 2074 1636 2188 messiumque
1662 2083 1811 2186 condi-

242 2186 360 2269 tione
380 2184 500 2265 variis
520 2177 777 2289 temporibus
796 2177 981 2271 varium,
1009 2176 1319 2287 quadragesima
1339 2178 1512 2270 subinde
1522 2211 1594 2274 aut
1603 2196 1809 2309 quinqua-

244 2293 420 2403 gesima‚
449 2315 748 2401 nonnunquam
775 2288 946 2371 dimidia
964 2290 1089 2396 pretii
1109 2290 1238 2373 totius
1258 2313 1374 2401 parte
1394 2291 1539 2383 soluta.

302 2404 521 2488 Tribatam
542 2404 709 2513 proprie
728 2399 1246 2511 sumtum,incapitefuit,
1276 2402 1447 2517 ejusque
1465 2408 1623 2519 species
1644 2425 1809 2533 capita·

245 2518 330 2609 tior
362 2514 432 2598 sed
452 2534 617 2625 praeter
643 2510 902 2597 ordinarium
930 2510 1036 2607 hoc,
1063 2510 1236 2599 subinde
1255 2514 1299 2599 &
1318 2526 1617 2627 temporarium
1638 2530 1808 2649 aliquod

245 2626 548 2736 imperabatur,
576 2623 698 2741 quale
719 2625 890 2705 Catonis
909 2621 1011 2705 illud
1040 2652 1063 2707 a
1091 2624 1393 2713 luxuriantibus
1414 2634 1456 2715 or
1475 2632 1693 2729 sumtuofis
1713 2672 1809 2735 exa-

245 2739 378 2832 ilum,
407 2740 566 2853 dequo
586 2759 727 2821 antea:
758 2734 829 2820 sed
850 2734 952 2818 haec
972 2730 1107 2819 forsan
1127 2738 1287 2823 nonnisi
1306 2750 1560 2855 temporarie
1571 2754 1805 2847 constituta.

301 2854 541 2937 Salinarum
552 2851 777 2961 veliigala
798 2849 939 2957 primis
959 2846 1234 2959 Reipublicae
1255 2858 1514 2961 temporibus
1534 2864 1805 2973 pensitatum,

243 2962 1072 3075 1111111111Λ11111Μ1111110111111111
1101 2960 1287 3047 instituit.
1375 2970 1415 3051 A
1434 2972 1529 3081 sale
1567 2973 1806 3072 derivarunt

267 3076 458 3158 alariam.
824 3158 828 3163 .

239 3080 434 3295 sceasa
463 3190 721 3295 privatorum
751 3186 861 3271 bona
887 3184 1225 3289 aestimabantur,
1253 3219 1340 3304 quo
1369 3190 1533 3305 singulis
1562 3224 1642 3311 pro
1674 3196 1805 3297 modo

243 3299 486 3385 facultatum
508 3299 695 3396 tributa,
724 3302 920 3407 exigente
947 3298 1211 3402 necellitate,
1240 3306 1435 3411 imperari
1466 3310 1641 3417 pollent.
1725 3320 1805 3411 lm.

243 3417 415 3525 proprie
434 3411 606 3497 subinde
627 3436 726 3495 cum
745 3414 995 3523 capitatione
1017 3412 1302 3499 confunditur.

155 3522 158 3528 ’
298 3524 572 3639 Sequentium
592 3546 832 3633 temporum
851 3522 1066 3631 Principes
1086 3524 1299 3635 vestigalia
1319 3530 1361 3612 in
1384 3550 1544 3620 tantum
1554 3541 1804 3653 multiplica·

243 3659 416 3733 verunt,
444 3662 490 3719 ut
513 3640 584 3719 vix
603 3638 729 3721 ullam
749 3662 889 3721 rerum
908 3636 953 3719 in
973 3634 1046 3719 usu
1056 3642 1360 3743 praeterierint.
1434 3642 1500 3729 Eo
1518 3676 1698 3741 numero
1713 3658 1805 3747 fue.

241 3772 289 3831 re
319 3749 505 3857 veliigal
529 3751 710 3847 macelli,
739 3746 941 3833 sublatum
971 3744 1136 3833 dsemel
1163 3773 1211 3837 ut
1241 3778 1351 3837 onus·
1372 3756 1703 3869 intolerandum,
1732 3770 1804 3863 sed

242 3857 477 3945 restitutum
517 3858 590 3943 sub
622 3860 716 3944 Cali
743 3862 846 3959 ula,
885 3858 1060 3971 vestigal
1092 3866 1284 3961 metalli,
1323 3866 1498 3954 decimae
1526 3872 1805 3971 hereditatum

240 3970 333 4084 lege
364 3973 505 4083 Papia
532 3973 581 4058 iis
612 3972 726 4061 dedu
767 3998 833 4073 ac,
875 3973 949 4087 qui
978 3972 1062 4061 stne
1091 3972 1312 4063 heredibus
1342 3978 1364 4083 i
1392 3983 1703 4099 moriebantur,
1732 4026 1805 4199 ἓε-

1772 4140 1807 4201 1.

277 4328 341 4387 all
381 4328 460 4387 ianus
479 4326 499 4387 1.
523 4342 547 4387 1.
562 4326 633 4387 Ilell.
648 4326 715 4387 Cir.
769 4324 1001 4409 onnia-,pinzi
1075 4332 1132 4407 11.
1154 4347 1182 4391 1.
1200 4329 1259 4391 line
1286 4332 1384 4395 liberis
1406 4336 1557 4415 legitimis:
1607 4360 1646 4408 uo
1667 4348 1732 4409 calu
1752 4350 1802 4413 tle·

240 4344 420 4475 mapppllm,
439 4400 593 4485 aipmgil
612 4402 660 4459 rin
676 4401 854 4475 portamini.
893 4408 999 4465 hVel·
1038 4407 1113 4467 eima
1130 4408 1325 4469 deducebatur
1345 4428 1382 4472 ex
1399 4414 1501 4494 legatis
1514 4435 1531 4478 t
1546 4360 1611 4480 viri
1625 4428 1711 4485 uxori
1749 4430 1798 4487 uel

237 4476 308 4569 lejus
317 4478 486 4569 laterculus.
526 4480 672 4543 cl’ttatus
687 4478 707 4543 l.
722 4490 768 4549 31.
783 4496 808 4539 c.
825 4493 854 4553 7.
893 4479 996 4546 duue·
1038 4485 1073 4541 ab
1093 4501 1182 4545 uxore
1200 4486 1265 4543 uiro
1286 4486 1401 4551 relidit.
1457 4492 1521 4555 Lex
1538 4494 1595 4557 lata
1608 4496 1649 4561 ell
1671 4468 1800 4569 sulm.

239 4564 335 4615 tonius
354 4572 384 4619 tn
404 4554 543 4633 Caligula.
1038 4558 1118 4635 gullo
1139 4560 1268 4624 Caelate.
1725 4560 1735 4585 ¹
1768 4594 1771 4599 ·
