4140 5646
549 278 983 377 umnstsuanum
1009 278 1095 373 rm
1120 280 1473 377 romanum.
1733 324 1815 415 ,97

301 496 525 583 eservaras
562 520 617 583 ex
630 510 750 581 ¹nave
775 492 973 594 solubili,
1011 495 1162 593 ursos,
1199 496 1316 597 leas,
1352 496 1606 611 pantheras,
1641 500 1812 611 leones,

242 609 518 707 struthiones,
546 634 751 721 onagros,
779 604 975 693 billontes
996 609 1079 694 &c
1101 608 1154 693 ad
1175 638 1258 715 700
1279 637 1367 696 uno
1387 610 1456 697 die
1478 614 1625 701 emisit.

299 722 317 785 t
341 723 562 809 Adrianus
583 748 692 809 1000
710 719 817 807 seras
835 718 961 806 natali
978 720 1053 807 suo
1072 725 1246 823 Romae,
1276 722 1321 809 dt
1342 723 1522 811 totidem
1546 728 1730 814 Athenis
1738 759 1812 821 ex.

240 833 391 925 hibuit.
445 832 562 920 Idem
581 848 601 909 8
619 832 816 920 conseiio
833 834 995 918 Dacico
1014 830 1148 933 bello,
1177 861 1254 948 per
1277 863 1352 935 123
1386 836 1476 921 dies
1495 842 1812 949 magnificaedi-

241 948 307 1037 dit
328 951 480 1035 Romae
498 945 752 1059 spedacula,
777 946 823 1030 in
841 944 995 1059 quibus
1013 946 1154 1031 caesae
1179 948 1275 1033 sunt
1303 973 1403 1035 cum
1431 946 1545 1035 serae
1574 972 1665 1039 tum
1696 980 1813 1044 man·

240 1062 384 1149 suetae
402 1056 577 1157 bestiae,
609 1086 741 1159 1000,
769 1057 1159 1144 interdum1ooco.

297 1172 449 1259 Tantis
468 1169 664 1257 caedibus
682 1167 854 1282 pedore
871 1168 927 1255 ad
954 1169 1126 1257 vulnera
1152 1168 1341 1271 firmato,
1369 1171 1511 1259 saevos
1538 1176 1813 1265 Romanorum

239 1288 427 1385 animos,
484 1310 562 1370 uos
581 1285 625 1369 in
642 1282 800 1372 summa
818 1310 922 1396 pace
940 1309 1039 1394 prae
1061 1281 1103 1368 se
1121 1281 1286 1394 semper
1297 1284 1507 1385 tulerunt,
1533 1312 1620 1374 non
1638 1290 1812 1401 amplius

239 1401 387 1487 miror.
499 1395 584 1483 mel
603 1416 745 1483 tamen
762 1394 961 1507 sanguine
978 1393 1110 1482 satiati
1129 1392 1402 1497 videbantur,
1430 1416 1523 1485 tum
1540 1426 1639 1487 cum
1658 1401 1813 1513 gladia·

242 1533 386 1601 torum
405 1510 505 1595 loco
525 1506 649 1593 Titus
667 1508 688 1567 h
707 1534 831 1619 grues
849 1512 960 1594 inter
974 1508 1018 1592 se
1036 1508 1279 1618 depugnare
1307 1508 1425 1597 fecit.

299 1622 411 1709 Mox
430 1620 710 1733 gladiatorum
728 1619 862 1707 rabies
881 1618 1204 1731 Rempublicam
1223 1622 1392 1721 invasit,
1420 1648 1522 1738 quas
1557 1641 1667 1709 astes
1693 1627 1738 1710 in
1766 1624 1813 1713 id

239 1736 450 1847 fastigium
469 1734 781 1845 perduxerunt,
808 1755 857 1819 ut
876 1758 954 1818 nos
980 1730 1140 1818 indodi
1167 1730 1383 1835 homines,
1410 1738 1485 1849 qui
1514 1737 1643 1823 vitam
1671 1738 1813 1823 mitius

241 1850 459 1961 degimus,
487 1872 543 1933 ne
562 1848 820 1959 cogitatione
839 1843 1012 1959 quidem
1032 1871 1100 1931 eas
1120 1843 1289 1963 adsequi
1318 1845 1538 1934 valeamus.
1596 1844 1666 1933 Ex
1682 1848 1813 1959 pluri·

241 1966 320 2051 mis
350 1960 629 2073 gladiatorum
662 1956 916 2069 generibus,
953 1957 1243 2061 stratoribus,
1279 1960 1526 2059 Ratiariis,
1564 1956 1814 2061 Threcibus,
1931 2044 1934 2049 .

242 2072 603 2186 lisymillonibas,
632 2070 945 2183 Hoplomacha's,
974 2070 1213 2156 Andabatis
1231 2072 1314 2157 &c.
1335 2098 1437 2161 mox
1456 2072 1556 2170 bos,
1583 2098 1687 2157 mox
1703 2072 1812 2172 illos,

242 2192 404 2277 variato
432 2213 610 2273 numero
648 2181 951 2297 producebant.
1034 2182 1189 2294 Caesar
1214 2182 1227 2241 ¹
1252 2186 1375 2271 initio
1402 2184 1535 2273 civilis
1573 2183 1671 2270 belli
1700 2212 1814 2273 2000

244 2300 469 2390 Secutores
487 2303 531 2385 in
561 2296 663 2383 ludo
694 2295 896 2383 exhibuit.
1241 2295 1249 2322 ''

300 2418 320 2475 ¹¹
343 2414 582 2499 Gordianus
604 2443 654 2496 12
673 2436 848 2498 munera
866 2408 1008 2508 dedit,
1036 2410 1094 2495 ita
1123 2430 1171 2496 ut
1201 2408 1481 2521 gladiatorum
1508 2432 1812 2525 nonnunquam

246 2555 329 2637 500
345 2528 460 2641 paria
479 2524 723 2624 exhiberet,
751 2548 967 2637 nunquam
982 2524 1121 2609 minus
1142 2550 1235 2625 r50.
1544 2554 1547 2559 ·

300 2641 312 2701 ¹
340 2640 571 2769 Philippus
587 2634 763 2721 Praetor
792 2634 1070 2748 gladiatorum
1093 2634 1291 2722 fiscalium
1313 2638 1425 2746 paria
1448 2660 1557 2720 1000
1581 2630 1755 2719 occidit.

301 2769 331 2814 ¹¹
345 2752 554 2947 lBonsrque
575 2748 747 2835 taudem
763 2748 843 2833 viri
861 2743 1044 2861 Trajani
1054 2744 1327 2857 spectaculis,
1354 2744 1636 2857 gladiatorum
1671 2770 1812 2834 roooo

245 2866 286 2949 'u
362 2880 428 2948 ata
464 2884 553 2944 unt.

240 2894 258 2976 J
289 2890 477 3061 ἕΙῨΙοτιιιιι
496 2994 677 3081 agonum
699 2988 812 3053 tanta
829 2966 912 3055 fuit
929 2968 1203 3069 existimatio,
1230 2988 1280 3055 ut
1300 2968 1344 3057 dt
1362 2967 1601 3056 nobilissimi
1618 2980 1639 3027 ¹¹
1656 2970 1701 3055 in
1723 2993 1813 3055 are·

244 3116 297 3175 na
317 3088 396 3171 viri
415 3082 768 3195 conspicerentur.
855 3081 948 3165 Nec
967 3082 1143 3180 mirum,
1172 3106 1270 3167 cum
1288 3101 1403 3166 tanta
1422 3102 1633 3168 mererent
1662 3080 1814 3193 stipen-

243 3199 334 3297 dia,
362 3222 410 3283 ut
429 3196 632 3307 deparcus
652 3188 845 3277 Tiberius
862 3204 883 3249 ⁰
900 3189 1128 3277 Rudiarios
1148 3214 1321 3279 centum
1340 3193 1518 3279 millium
1528 3194 1814 3283 aussoramen·

245 3338 292 3400 to
313 3310 601 3404 revocaverit,
626 3302 698 3389 seu
727 3304 857 3407 8071.
887 3332 911 3409 5
932 3302 961 3389 s.
997 3331 1050 3389 10
1071 3304 1113 3387 d.

298 3440 318 3499 v
336 3421 579 3509 Praeclarus
596 3414 735 3531 pugil,
764 3414 1000 3501 Commodus
1015 3413 1269 3528 Imperator,
1297 3442 1446 3503 aureos
1465 3418 1657 3532 quotidie
1671 3439 1812 3502 roooo

244 3535 457 3632 merebat,
483 3532 556 3619 seu
573 3532 685 3633 8072
705 3529 733 3611 l.
755 3554 806 3631 15
826 3526 856 3613 s.

300 3647 420 3763 Quid
435 3673 540 3733 vero
559 3642 713 3728 adfines
732 3638 794 3726 his
814 3638 1110 3755 quadrigarum
1133 3637 1177 3725 &
1211 3662 1419 3751 equorum
1452 3637 1594 3725 cursus
1623 3663 1814 3728 comme·

243 3786 435 3857 morem,
463 3756 621 3872 populo
641 3756 820 3839 Romano
839 3752 946 3838 adeo
996 3774 1129 3849 ratos,
1157 3771 1205 3836 ut
1222 3765 1243 3825 v
1281 3749 1507 3837 visionibus
1526 3754 1645 3865 equis
1665 3779 1815 3839 aureo·

242 3898 341 3967 rum
367 3873 485 3987 saepe
513 3868 664 3957 modios
690 3864 925 3965 conferret,
953 3780 1287 3975 ifumagitator1
1319 3864 1386 3951 vel
1413 3864 1546 3949 vicies
1569 3864 1814 3951 mercedem

1742 4002 1814 4062 ac·

281 4192 560 4259 enioinsevertr.
597 4190 615 4253 i
627 4188 649 4253 8
759 4206 792 4251 us
812 4188 843 4251 ln
863 4184 1003 4251 Adriano.
1044 4185 1101 4255 cis,
1121 4196 1155 4245 ut
1169 4185 1197 4245 in
1211 4184 1342 4245 Nerone.
1380 4181 1521 4245 Exhibuit
1531 4194 1628 4245 autera
1652 4180 1691 4245 ad
1706 4180 1816 4245 sarnam

241 4274 345 4356 [Dio
359 4274 388 4333 in
404 4270 542 4333 aidano
579 4266 680 4329 iano
699 4270 729 4329 in
749 4267 831 4329 Tito.
872 4264 1005 4323 lcicero
1045 4262 1130 4322 etiam
1162 4260 1811 4339 astringentossmatorea,seacmtorqueli·

240 4348 504 4423 nutriminis.
540 4344 709 4407 Secutonun
723 4344 754 4404 ln
767 4340 1004 4419 iniotcaetartr)
1043 4339 1138 4415 quites
1177 4352 1307 4397 omarroa.
1376 4352 1398 4397 ο
1420 4336 1572 4397 suetonios
1591 4337 1622 4396 in
1642 4338 1766 4397 Tiberio
1785 4350 1813 4395 c.

328 4422 484 4503 ,(Lipsiua
495 4422 567 4499 legit
578 4428 670 4495 που)
685 4420 809 4483 metunt
847 4414 1006 4494 sceptro·
1046 4430 1074 4487 7.
1110 4414 1317 4491 lepbilinus
1333 4413 1364 4473 lu
1377 4412 1552 4473 Commodo.
1632 4412 1814 4489 Capitolinus

240 4440 363 4565 min
378 4500 538 4563 Gordiano.
576 4496 647 4559 lca
669 4495 857 4559 imbibissem.
896 4510 925 4553 nr
944 4492 1006 4553 Dio
1045 4492 1074 4550 in
1087 4494 1177 4551 Vero.
1216 4486 1314 4549 rDlo
1329 4490 1359 4549 ln
1373 4488 1512 4567 Caligula.
1614 4489 1682 4567 gula
1696 4486 1757 4553 HS.
1770 4486 1814 4547 vl·

241 4578 425 4657 ln'l'ralaao.
461 4592 485 4641 n
500 4574 620 4643 Tasbvt
679 4572 837 4647 samatus
854 4570 942 4635 raam
961 4566 1005 4631 lo·
1044 4568 1103 4631 cies
1156 4568 1254 4626 tutori
1269 4564 1531 4645 manumittunt.

1182 4641 1261 4748 bs
