<?xml version="1.0" encoding="UTF-8"?>
<!DOCTYPE html PUBLIC "-//W3C//DTD XHTML 1.0 Transitional//EN"
    "http://www.w3.org/TR/xhtml1/DTD/xhtml1-transitional.dtd">
<html xmlns="http://www.w3.org/1999/xhtml" xml:lang="en" lang="en">
 <head>
  <title>
</title>
<meta http-equiv="Content-Type" content="text/html;charset=utf-8" />
  <meta name='ocr-system' content='tesseract 3.04.00' />
  <meta name='ocr-capabilities' content='ocr_page ocr_carea ocr_par ocr_line ocrx_word'/>
</head>
<body>
  <div class='ocr_page' id='page_1' title='image "./caroliarbuthnot00arbugoog_0095.png"; bbox 0 0 4140 5646; ppageno 0'>
   <div class='ocr_carea' id='block_1_1' title="bbox 250 230 1597 398">
    <p class='ocr_par' dir='ltr' id='par_1_1' title="bbox 250 230 1597 398">
     <span class='ocr_line' id='line_1_1' title="bbox 250 230 1597 398; baseline -0.007 -23"><span class='ocrx_word' id='word_1_1' title='bbox 250 230 325 395; x_wconf 61' lang='lat' dir='ltr'>m</span> <span class='ocrx_word' id='word_1_2' title='bbox 476 266 786 373; x_wconf 68' lang='lat' dir='ltr'>sanusne</span> <span class='ocrx_word' id='word_1_3' title='bbox 823 266 1069 398; x_wconf 69' lang='lat' dir='ltr'>Antio</span> <span class='ocrx_word' id='word_1_4' title='bbox 1106 265 1597 374; x_wconf 79' lang='lat' dir='ltr'>Numtsnrnrusr</span> 
     </span>
    </p>
   </div>
   <div class='ocr_carea' id='block_1_2' title="bbox 251 483 1831 1396">
    <p class='ocr_par' dir='ltr' id='par_1_2' title="bbox 251 483 1831 1396">
     <span class='ocr_line' id='line_1_2' title="bbox 252 483 1831 603; baseline 0 -25"><span class='ocrx_word' id='word_1_5' title='bbox 252 497 379 578; x_wconf 84' lang='lat' dir='ltr'>tinet.</span> <span class='ocrx_word' id='word_1_6' title='bbox 438 487 613 603; x_wconf 77' lang='lat' dir='ltr'>Superat</span> <span class='ocrx_word' id='word_1_7' title='bbox 635 489 737 575; x_wconf 85' lang='lat' dir='ltr'>haec</span> <span class='ocrx_word' id='word_1_8' title='bbox 758 488 913 573; x_wconf 89' lang='lat' dir='ltr'>summa</span> <span class='ocrx_word' id='word_1_9' title='bbox 934 510 1026 569; x_wconf 89' lang='lat' dir='ltr'>enm</span> <span class='ocrx_word' id='word_1_10' title='bbox 1056 510 1181 597; x_wconf 91' lang='lat' dir='ltr'>quam</span> <span class='ocrx_word' id='word_1_11' title='bbox 1203 486 1293 568; x_wconf 84' lang='lat' dir='ltr'>Pes</span> <span class='ocrx_word' id='word_1_12' title='bbox 1312 483 1482 570; x_wconf 87' lang='lat' dir='ltr'>exhibet</span> <span class='ocrx_word' id='word_1_13' title='bbox 1512 483 1734 597; x_wconf 85' lang='lat' dir='ltr'>pollicibus</span> <span class='ocrx_word' id='word_1_14' title='bbox 1745 516 1831 578; x_wconf 78' lang='lat' dir='ltr'>cu·</span> 
     </span>
     <span class='ocr_line' id='line_1_3' title="bbox 258 598 1828 716; baseline 0 -27"><span class='ocrx_word' id='word_1_15' title='bbox 258 605 362 689; x_wconf 89' lang='lat' dir='ltr'>bicis</span> <span class='ocrx_word' id='word_1_16' title='bbox 389 635 477 702; x_wconf 65' lang='grc' dir='ltr'>τι,</span> <span class='ocrx_word' id='word_1_17' title='bbox 511 606 641 713; x_wconf 82' lang='lat'>1598,</span> <span class='ocrx_word' id='word_1_18' title='bbox 670 602 855 716; x_wconf 80' lang='lat' dir='ltr'>facitque</span> <span class='ocrx_word' id='word_1_19' title='bbox 885 599 1035 709; x_wconf 89' lang='lat' dir='ltr'>pedem</span> <span class='ocrx_word' id='word_1_20' title='bbox 1069 598 1190 705; x_wconf 82' lang='lat'>11,84</span> <span class='ocrx_word' id='word_1_21' title='bbox 1219 598 1454 710; x_wconf 86' lang='lat' dir='ltr'>pollicum,</span> <span class='ocrx_word' id='word_1_22' title='bbox 1481 603 1628 711; x_wconf 86' lang='lat' dir='ltr'>quinta</span> <span class='ocrx_word' id='word_1_23' title='bbox 1656 605 1828 689; x_wconf 74' lang='lat' dir='ltr'>circiter</span> 
     </span>
     <span class='ocr_line' id='line_1_4' title="bbox 255 708 1829 831; baseline -0.001 -30"><span class='ocrx_word' id='word_1_24' title='bbox 255 721 424 831; x_wconf 56' lang='lat' dir='ltr'>:pollicis</span> <span class='ocrx_word' id='word_1_25' title='bbox 445 741 562 828; x_wconf 85' lang='lat' dir='ltr'>parte</span> <span class='ocrx_word' id='word_1_26' title='bbox 583 716 632 801; x_wconf 89' lang='lat' dir='ltr'>ab</span> <span class='ocrx_word' id='word_1_27' title='bbox 651 745 707 801; x_wconf 88' lang='lat' dir='ltr'>co</span> <span class='ocrx_word' id='word_1_28' title='bbox 728 714 1094 825; x_wconf 84' lang='lat' dir='ltr'>diversum,quem</span> <span class='ocrx_word' id='word_1_29' title='bbox 1114 709 1354 795; x_wconf 84' lang='lat' dir='ltr'>in&#39;Tabulis</span> <span class='ocrx_word' id='word_1_30' title='bbox 1376 708 1695 810; x_wconf 90' lang='lat' dir='ltr'>stabilivi,unde</span> <span class='ocrx_word' id='word_1_31' title='bbox 1716 715 1829 805; x_wconf 88' lang='lat' dir='ltr'>haud</span> 
     </span>
     <span class='ocr_line' id='line_1_5' title="bbox 254 820 1829 917; baseline 0.001 -1"><span class='ocrx_word' id='word_1_32' title='bbox 254 832 482 916; x_wconf 88' lang='lat' dir='ltr'>mediocris</span> <span class='ocrx_word' id='word_1_33' title='bbox 505 835 547 913; x_wconf 93' lang='lat' dir='ltr'>in</span> <span class='ocrx_word' id='word_1_34' title='bbox 568 829 683 913; x_wconf 91' lang='lat' dir='ltr'>cubis</span> <span class='ocrx_word' id='word_1_35' title='bbox 704 830 893 911; x_wconf 89' lang='lat' dir='ltr'>exoritur</span> <span class='ocrx_word' id='word_1_36' title='bbox 913 824 1161 908; x_wconf 76' lang='lat' dir='ltr'>differentia.</span> <span class='ocrx_word' id='word_1_37' title='bbox 1218 820 1450 910; x_wconf 85' lang='lat' dir='ltr'>Enimvero</span> <span class='ocrx_word' id='word_1_38' title='bbox 1470 848 1516 908; x_wconf 91' lang='lat' dir='ltr'>ut</span> <span class='ocrx_word' id='word_1_39' title='bbox 1546 825 1659 911; x_wconf 71' lang='lat' dir='ltr'>resse</span> <span class='ocrx_word' id='word_1_40' title='bbox 1688 830 1829 917; x_wconf 91' lang='lat' dir='ltr'>erudi-</span> 
     </span>
     <span class='ocr_line' id='line_1_6' title="bbox 255 934 1829 1054; baseline 0.001 -25"><span class='ocrx_word' id='word_1_41' title='bbox 255 963 324 1029; x_wconf 88' lang='lat' dir='ltr'>tus</span> <span class='ocrx_word' id='word_1_42' title='bbox 345 965 487 1028; x_wconf 90' lang='lat' dir='ltr'>monet</span> <span class='ocrx_word' id='word_1_43' title='bbox 508 940 757 1054; x_wconf 80' lang='lat' dir='ltr'>Episcopus,</span> <span class='ocrx_word' id='word_1_44' title='bbox 789 941 840 1023; x_wconf 90' lang='lat' dir='ltr'>ad</span> <span class='ocrx_word' id='word_1_45' title='bbox 860 965 988 1051; x_wconf 89' lang='lat' dir='ltr'>quern</span> <span class='ocrx_word' id='word_1_46' title='bbox 1009 940 1134 1021; x_wconf 89' lang='lat' dir='ltr'>toties</span> <span class='ocrx_word' id='word_1_47' title='bbox 1152 934 1388 1045; x_wconf 83' lang='lat' dir='ltr'>rejicimur,</span> <span class='ocrx_word' id='word_1_48' title='bbox 1416 964 1502 1021; x_wconf 91' lang='lat' dir='ltr'>non</span> <span class='ocrx_word' id='word_1_49' title='bbox 1522 961 1737 1051; x_wconf 85' lang='lat' dir='ltr'>receptam</span> <span class='ocrx_word' id='word_1_50' title='bbox 1756 971 1829 1031; x_wconf 85' lang='lat' dir='ltr'>an·</span> 
     </span>
     <span class='ocr_line' id='line_1_7' title="bbox 257 1048 1827 1167; baseline 0.002 -27"><span class='ocrx_word' id='word_1_51' title='bbox 257 1076 324 1140; x_wconf 85' lang='lat' dir='ltr'>tea</span> <span class='ocrx_word' id='word_1_52' title='bbox 345 1054 675 1165; x_wconf 86' lang='lat' dir='ltr'>longitudinem,</span> <span class='ocrx_word' id='word_1_53' title='bbox 702 1056 744 1137; x_wconf 93' lang='lat' dir='ltr'>in</span> <span class='ocrx_word' id='word_1_54' title='bbox 765 1048 1064 1137; x_wconf 87' lang='lat' dir='ltr'>constituendis</span> <span class='ocrx_word' id='word_1_55' title='bbox 1086 1050 1290 1136; x_wconf 90' lang='lat' dir='ltr'>Mensuris</span> <span class='ocrx_word' id='word_1_56' title='bbox 1309 1053 1444 1147; x_wconf 82' lang='lat' dir='ltr'>cavis,</span> <span class='ocrx_word' id='word_1_57' title='bbox 1472 1050 1544 1134; x_wconf 90' lang='lat' dir='ltr'>sed</span> <span class='ocrx_word' id='word_1_58' title='bbox 1565 1052 1731 1163; x_wconf 89' lang='lat' dir='ltr'>pondus</span> <span class='ocrx_word' id='word_1_59' title='bbox 1750 1083 1827 1167; x_wconf 89' lang='lat' dir='ltr'>po·</span> 
     </span>
     <span class='ocr_line' id='line_1_8' title="bbox 257 1162 1824 1280; baseline 0.001 -27"><span class='ocrx_word' id='word_1_60' title='bbox 257 1168 453 1253; x_wconf 80' lang='lat' dir='ltr'>tissimum</span> <span class='ocrx_word' id='word_1_61' title='bbox 482 1169 673 1251; x_wconf 89' lang='lat' dir='ltr'>contenti</span> <span class='ocrx_word' id='word_1_62' title='bbox 703 1168 912 1280; x_wconf 88' lang='lat' dir='ltr'>liquoris,</span> <span class='ocrx_word' id='word_1_63' title='bbox 939 1164 1070 1249; x_wconf 91' lang='lat' dir='ltr'>secuti</span> <span class='ocrx_word' id='word_1_64' title='bbox 1100 1162 1296 1249; x_wconf 91' lang='lat' dir='ltr'>videntur</span> <span class='ocrx_word' id='word_1_65' title='bbox 1328 1164 1535 1265; x_wconf 87' lang='lat' dir='ltr'>Romani,</span> <span class='ocrx_word' id='word_1_66' title='bbox 1564 1192 1653 1279; x_wconf 93' lang='lat' dir='ltr'>quo</span> <span class='ocrx_word' id='word_1_67' title='bbox 1685 1172 1824 1257; x_wconf 84' lang='lat' dir='ltr'>omnia</span> 
     </span>
     <span class='ocr_line' id='line_1_9' title="bbox 251 1275 1826 1396; baseline 0.003 -31"><span class='ocrx_word' id='word_1_68' title='bbox 251 1310 428 1396; x_wconf 91' lang='lat' dir='ltr'>quoque</span> <span class='ocrx_word' id='word_1_69' title='bbox 458 1279 526 1363; x_wconf 83' lang='lat' dir='ltr'>sua</span> <span class='ocrx_word' id='word_1_70' title='bbox 553 1277 647 1363; x_wconf 80' lang='lat' dir='ltr'>uasa</span> <span class='ocrx_word' id='word_1_71' title='bbox 675 1278 940 1390; x_wconf 83' lang='lat' dir='ltr'>descripsere.</span> <span class='ocrx_word' id='word_1_72' title='bbox 999 1275 1043 1361; x_wconf 85' lang='lat' dir='ltr'>Si</span> <span class='ocrx_word' id='word_1_73' title='bbox 1062 1278 1175 1361; x_wconf 91' lang='lat' dir='ltr'>enim</span> <span class='ocrx_word' id='word_1_74' title='bbox 1194 1278 1347 1388; x_wconf 88' lang='lat' dir='ltr'>pedem</span> <span class='ocrx_word' id='word_1_75' title='bbox 1366 1276 1563 1362; x_wconf 89' lang='lat' dir='ltr'>cubicum</span> <span class='ocrx_word' id='word_1_76' title='bbox 1591 1282 1826 1392; x_wconf 84' lang='lat' dir='ltr'>principem</span> 
     </span>
    </p>
   </div>
   <div class='ocr_carea' id='block_1_3' title="bbox 101 1387 1825 1504">
    <p class='ocr_par' dir='ltr' id='par_1_3' title="bbox 101 1387 1825 1504">
     <span class='ocr_line' id='line_1_10' title="bbox 101 1387 1825 1504; baseline 0.002 -25"><span class='ocrx_word' id='word_1_77' title='bbox 101 1390 118 1419; x_wconf 77' lang='lat'><em>⁶</em></span> <span class='ocrx_word' id='word_1_78' title='bbox 254 1398 364 1479; x_wconf 88' lang='lat' dir='ltr'>inter</span> <span class='ocrx_word' id='word_1_79' title='bbox 383 1393 597 1481; x_wconf 86' lang='lat' dir='ltr'>Mensuras</span> <span class='ocrx_word' id='word_1_80' title='bbox 617 1420 736 1477; x_wconf 88' lang='lat' dir='ltr'>cavas</span> <span class='ocrx_word' id='word_1_81' title='bbox 747 1392 797 1476; x_wconf 91' lang='lat' dir='ltr'>ab</span> <span class='ocrx_word' id='word_1_82' title='bbox 818 1394 938 1475; x_wconf 87' lang='lat' dir='ltr'>initio</span> <span class='ocrx_word' id='word_1_83' title='bbox 957 1387 1195 1500; x_wconf 75' lang='lat' dir='ltr'>elegissent,</span> <span class='ocrx_word' id='word_1_84' title='bbox 1226 1390 1331 1475; x_wconf 88' lang='lat' dir='ltr'>&amp;ex</span> <span class='ocrx_word' id='word_1_85' title='bbox 1353 1417 1406 1475; x_wconf 91' lang='lat' dir='ltr'>eo</span> <span class='ocrx_word' id='word_1_86' title='bbox 1427 1391 1643 1504; x_wconf 80' lang='lat' dir='ltr'>Congium,</span> <span class='ocrx_word' id='word_1_87' title='bbox 1663 1417 1825 1504; x_wconf 89' lang='lat' dir='ltr'>partem</span> 
     </span>
    </p>
   </div>
   <div class='ocr_carea' id='block_1_4' title="bbox 244 1502 1826 2638">
    <p class='ocr_par' dir='ltr' id='par_1_4' title="bbox 250 1502 1826 2071">
     <span class='ocr_line' id='line_1_11' title="bbox 250 1502 1825 1617; baseline -0.001 -23"><span class='ocrx_word' id='word_1_88' title='bbox 250 1507 469 1602; x_wconf 68' lang='lat' dir='ltr'>odivam,</span> <span class='ocrx_word' id='word_1_89' title='bbox 489 1506 529 1589; x_wconf 88' lang='lat'>&amp;</span> <span class='ocrx_word' id='word_1_90' title='bbox 552 1504 707 1590; x_wconf 67' lang='lat' dir='ltr'>tubum</span> <span class='ocrx_word' id='word_1_91' title='bbox 728 1506 844 1617; x_wconf 90' lang='lat' dir='ltr'>pedis</span> <span class='ocrx_word' id='word_1_92' title='bbox 866 1504 1050 1601; x_wconf 90' lang='lat' dir='ltr'>dimidii,</span> <span class='ocrx_word' id='word_1_93' title='bbox 1071 1504 1332 1587; x_wconf 86' lang='lat' dir='ltr'>Geometrica</span> <span class='ocrx_word' id='word_1_94' title='bbox 1352 1502 1640 1615; x_wconf 78' lang='lat' dir='ltr'>progressione</span> <span class='ocrx_word' id='word_1_95' title='bbox 1659 1508 1825 1593; x_wconf 80' lang='lat' dir='ltr'>elicuis-</span> 
     </span>
     <span class='ocr_line' id='line_1_12' title="bbox 251 1614 1826 1730; baseline 0.002 -24"><span class='ocrx_word' id='word_1_96' title='bbox 251 1620 377 1718; x_wconf 86' lang='lat' dir='ltr'>sent,</span> <span class='ocrx_word' id='word_1_97' title='bbox 427 1618 573 1703; x_wconf 89' lang='lat' dir='ltr'>eadem</span> <span class='ocrx_word' id='word_1_98' title='bbox 614 1620 678 1702; x_wconf 87' lang='lat' dir='ltr'>via</span> <span class='ocrx_word' id='word_1_99' title='bbox 709 1615 984 1730; x_wconf 81' lang='lat' dir='ltr'>progressuri,</span> <span class='ocrx_word' id='word_1_100' title='bbox 1013 1617 1206 1729; x_wconf 82' lang='lat' dir='ltr'>Congium</span> <span class='ocrx_word' id='word_1_101' title='bbox 1234 1614 1418 1728; x_wconf 78' lang='lat' dir='ltr'>partibus</span> <span class='ocrx_word' id='word_1_102' title='bbox 1438 1644 1609 1730; x_wconf 83' lang='lat' dir='ltr'>quoque</span> <span class='ocrx_word' id='word_1_103' title='bbox 1637 1618 1826 1725; x_wconf 74' lang='lat' dir='ltr'>ottonis,</span> 
     </span>
     <span class='ocr_line' id='line_1_13' title="bbox 252 1726 1826 1848; baseline -0.001 -31"><span class='ocrx_word' id='word_1_104' title='bbox 252 1736 393 1848; x_wconf 87' lang='lat' dir='ltr'>pot-ius</span> <span class='ocrx_word' id='word_1_105' title='bbox 414 1758 538 1843; x_wconf 88' lang='lat' dir='ltr'>quam</span> <span class='ocrx_word' id='word_1_106' title='bbox 550 1731 653 1816; x_wconf 90' lang='lat' dir='ltr'>senis</span> <span class='ocrx_word' id='word_1_107' title='bbox 673 1729 837 1818; x_wconf 89' lang='lat' dir='ltr'>suilsent</span> <span class='ocrx_word' id='word_1_108' title='bbox 859 1726 1326 1828; x_wconf 85' lang='lat' dir='ltr'>efformaturi‚dubium</span> <span class='ocrx_word' id='word_1_109' title='bbox 1346 1729 1462 1814; x_wconf 90' lang='lat' dir='ltr'>nullo</span> <span class='ocrx_word' id='word_1_110' title='bbox 1481 1732 1611 1815; x_wconf 91' lang='lat' dir='ltr'>modo</span> <span class='ocrx_word' id='word_1_111' title='bbox 1630 1730 1826 1848; x_wconf 86' lang='lat' dir='ltr'>est,quin</span> 
     </span>
     <span class='ocr_line' id='line_1_14' title="bbox 253 1840 1823 1959; baseline 0.004 -30"><span class='ocrx_word' id='word_1_112' title='bbox 253 1849 309 1929; x_wconf 88' lang='lat' dir='ltr'>ita</span> <span class='ocrx_word' id='word_1_113' title='bbox 325 1845 501 1955; x_wconf 76' lang='lat' dir='ltr'>singulos</span> <span class='ocrx_word' id='word_1_114' title='bbox 523 1846 682 1931; x_wconf 88' lang='lat' dir='ltr'>Palmos</span> <span class='ocrx_word' id='word_1_115' title='bbox 702 1846 898 1943; x_wconf 88' lang='lat' dir='ltr'>cubicos,</span> <span class='ocrx_word' id='word_1_116' title='bbox 926 1843 1134 1929; x_wconf 82' lang='lat' dir='ltr'>mensuras</span> <span class='ocrx_word' id='word_1_117' title='bbox 1157 1845 1354 1928; x_wconf 80' lang='lat' dir='ltr'>Romanis</span> <span class='ocrx_word' id='word_1_118' title='bbox 1371 1840 1622 1943; x_wconf 82' lang='lat' dir='ltr'>notissimas,</span> <span class='ocrx_word' id='word_1_119' title='bbox 1642 1846 1823 1959; x_wconf 77' lang='lat' dir='ltr'>singulae</span> 
     </span>
     <span class='ocr_line' id='line_1_15' title="bbox 252 1955 1123 2071; baseline -0.007 -25"><span class='ocrx_word' id='word_1_120' title='bbox 252 1956 499 2046; x_wconf 77' lang='lat' dir='ltr'>subotlavae</span> <span class='ocrx_word' id='word_1_121' title='bbox 528 1980 670 2069; x_wconf 86' lang='lat' dir='ltr'>partes</span> <span class='ocrx_word' id='word_1_122' title='bbox 701 1955 1123 2071; x_wconf 78' lang='lat' dir='ltr'>comprehendissent.</span> 
     </span>
    </p>

    <p class='ocr_par' dir='ltr' id='par_1_5' title="bbox 250 2069 1825 2411">
     <span class='ocr_line' id='line_1_16' title="bbox 311 2069 1824 2193; baseline 0.006 -39"><span class='ocrx_word' id='word_1_123' title='bbox 311 2069 438 2156; x_wconf 87' lang='lat' dir='ltr'>Hanc</span> <span class='ocrx_word' id='word_1_124' title='bbox 470 2074 675 2155; x_wconf 89' lang='lat' dir='ltr'>rationem</span> <span class='ocrx_word' id='word_1_125' title='bbox 707 2074 887 2187; x_wconf 85' lang='lat' dir='ltr'>Anglica</span> <span class='ocrx_word' id='word_1_126' title='bbox 926 2069 1158 2168; x_wconf 82' lang='lat' dir='ltr'>Mensura,</span> <span class='ocrx_word' id='word_1_127' title='bbox 1202 2072 1353 2155; x_wconf 75' lang='lat' dir='ltr'>Gaison</span> <span class='ocrx_word' id='word_1_128' title='bbox 1391 2095 1572 2173; x_wconf 83' lang='lat' dir='ltr'>vocata,</span> <span class='ocrx_word' id='word_1_129' title='bbox 1607 2102 1824 2193; x_wconf 81' lang='lat' dir='ltr'>quamque</span> 
     </span>
     <span class='ocr_line' id='line_1_17' title="bbox 252 2182 1825 2301; baseline 0.006 -31"><span class='ocrx_word' id='word_1_130' title='bbox 252 2183 403 2299; x_wconf 87' lang='lat' dir='ltr'>Congio</span> <span class='ocrx_word' id='word_1_131' title='bbox 440 2212 494 2269; x_wconf 94' lang='lat' dir='ltr'>eo</span> <span class='ocrx_word' id='word_1_132' title='bbox 534 2184 722 2297; x_wconf 79' lang='lat' dir='ltr'>respeslu</span> <span class='ocrx_word' id='word_1_133' title='bbox 760 2183 1071 2282; x_wconf 89' lang='lat' dir='ltr'>substituimus,</span> <span class='ocrx_word' id='word_1_134' title='bbox 1110 2183 1321 2284; x_wconf 86' lang='lat' dir='ltr'>servavit,</span> <span class='ocrx_word' id='word_1_135' title='bbox 1359 2182 1624 2272; x_wconf 78' lang='lat' dir='ltr'>subosiavam</span> <span class='ocrx_word' id='word_1_136' title='bbox 1659 2214 1825 2301; x_wconf 82' lang='lat' dir='ltr'>partem</span> 
     </span>
     <span class='ocr_line' id='line_1_18' title="bbox 250 2295 1825 2411; baseline 0.005 -28"><span class='ocrx_word' id='word_1_137' title='bbox 250 2299 429 2383; x_wconf 80' lang='lat' dir='ltr'>Pintam</span> <span class='ocrx_word' id='word_1_138' title='bbox 460 2295 626 2381; x_wconf 86' lang='lat' dir='ltr'>habens.</span> <span class='ocrx_word' id='word_1_139' title='bbox 714 2295 781 2381; x_wconf 86' lang='lat' dir='ltr'>Ex</span> <span class='ocrx_word' id='word_1_140' title='bbox 800 2298 918 2383; x_wconf 73' lang='lat' dir='ltr'>distis</span> <span class='ocrx_word' id='word_1_141' title='bbox 947 2300 1087 2411; x_wconf 87' lang='lat' dir='ltr'>itaque</span> <span class='ocrx_word' id='word_1_142' title='bbox 1117 2295 1283 2382; x_wconf 83' lang='lat' dir='ltr'>abunde</span> <span class='ocrx_word' id='word_1_143' title='bbox 1312 2297 1574 2385; x_wconf 81' lang='lat' dir='ltr'>manifestum</span> <span class='ocrx_word' id='word_1_144' title='bbox 1601 2300 1682 2400; x_wconf 91' lang='lat' dir='ltr'>lit,</span> <span class='ocrx_word' id='word_1_145' title='bbox 1721 2308 1825 2391; x_wconf 79' lang='lat' dir='ltr'>Am·</span> 
     </span>
    </p>

    <p class='ocr_par' dir='ltr' id='par_1_6' title="bbox 244 2408 1823 2638">
     <span class='ocr_line' id='line_1_19' title="bbox 282 2408 1820 2523; baseline 0.01 -33"><span class='ocrx_word' id='word_1_146' title='bbox 282 2411 420 2491; x_wconf 79' lang='lat' dir='ltr'>toran</span> <span class='ocrx_word' id='word_1_147' title='bbox 443 2408 496 2492; x_wconf 82' lang='lat' dir='ltr'>ad</span> <span class='ocrx_word' id='word_1_148' title='bbox 518 2410 695 2508; x_wconf 84' lang='lat' dir='ltr'>Pedem,</span> <span class='ocrx_word' id='word_1_149' title='bbox 726 2419 767 2493; x_wconf 89' lang='lat'>&amp;</span> <span class='ocrx_word' id='word_1_150' title='bbox 788 2413 982 2523; x_wconf 81' lang='lat' dir='ltr'>Congium</span> <span class='ocrx_word' id='word_1_151' title='bbox 999 2410 1052 2494; x_wconf 86' lang='lat' dir='ltr'>ad</span> <span class='ocrx_word' id='word_1_152' title='bbox 1069 2408 1289 2494; x_wconf 89' lang='lat' dir='ltr'>dimidium</span> <span class='ocrx_word' id='word_1_153' title='bbox 1310 2411 1484 2523; x_wconf 91' lang='lat' dir='ltr'>pedem,</span> <span class='ocrx_word' id='word_1_154' title='bbox 1513 2416 1719 2499; x_wconf 83' lang='lat' dir='ltr'>rationem</span> <span class='ocrx_word' id='word_1_155' title='bbox 1748 2448 1820 2508; x_wconf 86' lang='lat' dir='ltr'>cu·</span> 
     </span>
     <span class='ocr_line' id='line_1_20' title="bbox 244 2432 1823 2638; baseline 0.009 -33"><span class='ocrx_word' id='word_1_156' title='bbox 244 2432 389 2605; x_wconf 72' lang='lat' dir='ltr'>sicam</span> <span class='ocrx_word' id='word_1_157' title='bbox 420 2545 579 2607; x_wconf 87' lang='lat' dir='ltr'>temere</span> <span class='ocrx_word' id='word_1_158' title='bbox 610 2521 863 2621; x_wconf 83' lang='lat' dir='ltr'>obtinuisse,</span> <span class='ocrx_word' id='word_1_159' title='bbox 898 2526 1022 2608; x_wconf 90' lang='lat' dir='ltr'>initio</span> <span class='ocrx_word' id='word_1_160' title='bbox 1061 2523 1236 2609; x_wconf 80' lang='lat' dir='ltr'>consilio</span> <span class='ocrx_word' id='word_1_161' title='bbox 1275 2526 1388 2609; x_wconf 89' lang='lat' dir='ltr'>nullo</span> <span class='ocrx_word' id='word_1_162' title='bbox 1428 2525 1679 2638; x_wconf 77' lang='lat' dir='ltr'>proposito,</span> <span class='ocrx_word' id='word_1_163' title='bbox 1722 2530 1823 2619; x_wconf 89' lang='lat' dir='ltr'>licet</span> 
     </span>
    </p>
   </div>
   <div class='ocr_carea' id='block_1_5' title="bbox 250 2632 1837 2857">
    <p class='ocr_par' dir='ltr' id='par_1_7' title="bbox 250 2632 1837 2857">
     <span class='ocr_line' id='line_1_21' title="bbox 250 2632 1837 2757; baseline 0.011 -41"><span class='ocrx_word' id='word_1_164' title='bbox 250 2632 392 2746; x_wconf 89' lang='lat' dir='ltr'>postea</span> <span class='ocrx_word' id='word_1_165' title='bbox 415 2635 663 2747; x_wconf 87' lang='lat' dir='ltr'>Amphornm</span> <span class='ocrx_word' id='word_1_166' title='bbox 692 2635 791 2723; x_wconf 91' lang='lat' dir='ltr'>cubi</span> <span class='ocrx_word' id='word_1_167' title='bbox 810 2639 939 2723; x_wconf 81' lang='lat' dir='ltr'>latere</span> <span class='ocrx_word' id='word_1_168' title='bbox 959 2634 1250 2751; x_wconf 89' lang='lat' dir='ltr'>descripserint</span> <span class='ocrx_word' id='word_1_169' title='bbox 1273 2638 1447 2741; x_wconf 87' lang='lat' dir='ltr'>Latini,</span> <span class='ocrx_word' id='word_1_170' title='bbox 1474 2661 1521 2729; x_wconf 91' lang='lat' dir='ltr'>ut</span> <span class='ocrx_word' id='word_1_171' title='bbox 1541 2641 1653 2757; x_wconf 82' lang='lat' dir='ltr'>apud</span> <span class='ocrx_word' id='word_1_172' title='bbox 1670 2643 1837 2733; x_wconf 60' lang='lat' dir='ltr'>Rhem‘</span> 
     </span>
     <span class='ocr_line' id='line_1_22' title="bbox 252 2749 612 2857; baseline 0.014 -28"><span class='ocrx_word' id='word_1_173' title='bbox 252 2749 365 2834; x_wconf 84' lang='lat' dir='ltr'>nium</span> <span class='ocrx_word' id='word_1_174' title='bbox 386 2749 612 2857; x_wconf 85' lang='lat' dir='ltr'>Fannium,</span> 
     </span>
    </p>
   </div>
   <div class='ocr_carea' id='block_1_6' title="bbox 386 2982 1563 3329">
    <p class='ocr_par' dir='ltr' id='par_1_8' title="bbox 386 2982 1563 3329">
     <span class='ocr_line' id='line_1_23' title="bbox 386 2982 1372 3099; baseline 0.008 -37"><span class='ocrx_word' id='word_1_175' title='bbox 386 2982 483 3063; x_wconf 62' lang='lat' dir='ltr'>mes</span> <span class='ocrx_word' id='word_1_176' title='bbox 505 2985 619 3096; x_wconf 88' lang='lat' dir='ltr'>longo</span> <span class='ocrx_word' id='word_1_177' title='bbox 633 2987 771 3097; x_wconf 84' lang='lat' dir='ltr'>spatio</span> <span class='ocrx_word' id='word_1_178' title='bbox 791 2989 959 3099; x_wconf 85' lang='lat' dir='ltr'>latoque</span> <span class='ocrx_word' id='word_1_179' title='bbox 979 3004 1149 3071; x_wconf 87' lang='lat' dir='ltr'>notetur</span> <span class='ocrx_word' id='word_1_180' title='bbox 1167 2987 1211 3069; x_wconf 90' lang='lat' dir='ltr'>in</span> <span class='ocrx_word' id='word_1_181' title='bbox 1229 2988 1372 3099; x_wconf 87' lang='lat' dir='ltr'>anglo,</span> 
     </span>
     <span class='ocr_line' id='line_1_24' title="bbox 392 3092 1563 3212; baseline 0.009 -38"><span class='ocrx_word' id='word_1_182' title='bbox 392 3092 587 3204; x_wconf 89' lang='lat' dir='ltr'>Angnlus</span> <span class='ocrx_word' id='word_1_183' title='bbox 608 3116 655 3178; x_wconf 91' lang='lat' dir='ltr'>nt</span> <span class='ocrx_word' id='word_1_184' title='bbox 670 3116 754 3212; x_wconf 88' lang='lat' dir='ltr'>par</span> <span class='ocrx_word' id='word_1_185' title='bbox 763 3098 846 3205; x_wconf 81' lang='lat' dir='ltr'>fit,</span> <span class='ocrx_word' id='word_1_186' title='bbox 878 3129 993 3212; x_wconf 89' lang='lat' dir='ltr'>quem</span> <span class='ocrx_word' id='word_1_187' title='bbox 1012 3101 1172 3183; x_wconf 86' lang='lat' dir='ltr'>clandit</span> <span class='ocrx_word' id='word_1_188' title='bbox 1204 3101 1312 3183; x_wconf 87' lang='lat' dir='ltr'>linea</span> <span class='ocrx_word' id='word_1_189' title='bbox 1333 3098 1523 3211; x_wconf 52' lang='lat' dir='ltr'>triglitis</span> <span class='ocrx_word' id='word_1_190' title='bbox 1558 3112 1563 3125; x_wconf 92' lang='lat'>&#39;</span> 
     </span>
     <span class='ocr_line' id='line_1_25' title="bbox 389 3202 1480 3329; baseline 0.011 -45"><span class='ocrx_word' id='word_1_191' title='bbox 389 3202 590 3321; x_wconf 56' lang='lat' dir='ltr'>Quattuor</span> <span class='ocrx_word' id='word_1_192' title='bbox 608 3236 661 3291; x_wconf 84' lang='lat' dir='ltr'>ex</span> <span class='ocrx_word' id='word_1_193' title='bbox 680 3208 853 3323; x_wconf 83' lang='lat' dir='ltr'>&#39;quadris</span> <span class='ocrx_word' id='word_1_194' title='bbox 871 3214 1044 3298; x_wconf 84' lang='lat' dir='ltr'>medinm</span> <span class='ocrx_word' id='word_1_195' title='bbox 1072 3217 1266 3329; x_wconf 84' lang='lat' dir='ltr'>cingatur</span> <span class='ocrx_word' id='word_1_196' title='bbox 1297 3214 1416 3296; x_wconf 82' lang='lat' dir='ltr'>inane</span> <span class='ocrx_word' id='word_1_197' title='bbox 1434 3268 1448 3308; x_wconf 92' lang='lat'>‚</span> <span class='ocrx_word' id='word_1_198' title='bbox 1477 3238 1480 3243; x_wconf 89' lang='grc'>·</span> 
     </span>
    </p>
   </div>
   <div class='ocr_carea' id='block_1_7' title="bbox 304 3319 842 3431">
    <p class='ocr_par' dir='ltr' id='par_1_9' title="bbox 304 3319 842 3431">
     <span class='ocr_line' id='line_1_26' title="bbox 304 3319 842 3431; baseline 0.013 -30"><span class='ocrx_word' id='word_1_199' title='bbox 304 3319 314 3339; x_wconf 80' lang='lat'>‘</span> <span class='ocrx_word' id='word_1_200' title='bbox 393 3319 604 3431; x_wconf 82' lang='lat' dir='ltr'>Amphora</span> <span class='ocrx_word' id='word_1_201' title='bbox 611 3321 674 3430; x_wconf 81' lang='lat' dir='ltr'>fit</span> <span class='ocrx_word' id='word_1_202' title='bbox 694 3324 842 3409; x_wconf 84' lang='lat' dir='ltr'>Cubns.</span> 
     </span>
    </p>
   </div>
   <div class='ocr_carea' id='block_1_8' title="bbox 250 3537 1825 3795">
    <p class='ocr_par' dir='ltr' id='par_1_10' title="bbox 250 3537 1825 3795">
     <span class='ocr_line' id='line_1_27' title="bbox 250 3537 1825 3668; baseline 0.008 -41"><span class='ocrx_word' id='word_1_203' title='bbox 250 3543 294 3628; x_wconf 85' lang='lat' dir='ltr'>id</span> <span class='ocrx_word' id='word_1_204' title='bbox 311 3537 432 3657; x_wconf 85' lang='lat' dir='ltr'>¹quod</span> <span class='ocrx_word' id='word_1_205' title='bbox 451 3550 510 3631; x_wconf 84' lang='lat' dir='ltr'>ita</span> <span class='ocrx_word' id='word_1_206' title='bbox 530 3550 874 3661; x_wconf 84' lang='lat' dir='ltr'>intelligendum,</span> <span class='ocrx_word' id='word_1_207' title='bbox 904 3554 1116 3668; x_wconf 82' lang='lat' dir='ltr'>Amphora</span> <span class='ocrx_word' id='word_1_208' title='bbox 1126 3551 1188 3662; x_wconf 79' lang='lat' dir='ltr'>fic</span> <span class='ocrx_word' id='word_1_209' title='bbox 1197 3556 1437 3663; x_wconf 80' lang='lat' dir='ltr'>formatur,</span> <span class='ocrx_word' id='word_1_210' title='bbox 1466 3568 1519 3637; x_wconf 88' lang='lat' dir='ltr'>ut</span> <span class='ocrx_word' id='word_1_211' title='bbox 1546 3548 1638 3665; x_wconf 80' lang='lat' dir='ltr'>ejus</span> <span class='ocrx_word' id='word_1_212' title='bbox 1663 3552 1825 3667; x_wconf 74' lang='lat' dir='ltr'>capaci·</span> 
     </span>
     <span class='ocr_line' id='line_1_28' title="bbox 251 3660 1824 3795; baseline 0.011 -60"><span class='ocrx_word' id='word_1_213' title='bbox 251 3674 320 3736; x_wconf 84' lang='lat' dir='ltr'>tos</span> <span class='ocrx_word' id='word_1_214' title='bbox 339 3660 472 3739; x_wconf 85' lang='lat' dir='ltr'>lineas</span> <span class='ocrx_word' id='word_1_215' title='bbox 491 3682 669 3771; x_wconf 80' lang='lat' dir='ltr'>quatuor</span> <span class='ocrx_word' id='word_1_216' title='bbox 691 3666 838 3748; x_wconf 82' lang='lat' dir='ltr'>habeat</span> <span class='ocrx_word' id='word_1_217' title='bbox 860 3671 998 3751; x_wconf 73' lang='lat' dir='ltr'>nemas</span> <span class='ocrx_word' id='word_1_218' title='bbox 1025 3670 1261 3795; x_wconf 70' lang='lat' dir='ltr'>aequales,⁸</span> <span class='ocrx_word' id='word_1_219' title='bbox 1263 3669 1409 3777; x_wconf 87' lang='lat' dir='ltr'>pedem</span> <span class='ocrx_word' id='word_1_220' title='bbox 1438 3668 1612 3782; x_wconf 77' lang='lat' dir='ltr'>longas,</span> <span class='ocrx_word' id='word_1_221' title='bbox 1642 3686 1824 3780; x_wconf 80' lang='lat' dir='ltr'>quatuor</span> 
     </span>
    </p>
   </div>
   <div class='ocr_carea' id='block_1_9' title="bbox 251 3771 1824 3978">
    <p class='ocr_par' dir='ltr' id='par_1_11' title="bbox 251 3771 1824 3978">
     <span class='ocr_line' id='line_1_29' title="bbox 251 3771 1824 3978; baseline 0.01 -128"><span class='ocrx_word' id='word_1_222' title='bbox 251 3771 420 3882; x_wconf 80' lang='lat' dir='ltr'>ningulus</span> <span class='ocrx_word' id='word_1_223' title='bbox 450 3776 613 3870; x_wconf 62' lang='lat' dir='ltr'>retius,</span> <span class='ocrx_word' id='word_1_224' title='bbox 645 3778 687 3858; x_wconf 89' lang='lat' dir='ltr'>in</span> <span class='ocrx_word' id='word_1_225' title='bbox 711 3806 881 3887; x_wconf 86' lang='lat' dir='ltr'>quornm</span> <span class='ocrx_word' id='word_1_226' title='bbox 902 3807 1098 3891; x_wconf 84' lang='lat' dir='ltr'>quemque</span> <span class='ocrx_word' id='word_1_227' title='bbox 1118 3798 1210 3861; x_wconf 87' lang='lat' dir='ltr'>tres</span> <span class='ocrx_word' id='word_1_228' title='bbox 1228 3782 1361 3863; x_wconf 69' lang='lat' dir='ltr'>laneae</span> <span class='ocrx_word' id='word_1_229' title='bbox 1391 3781 1511 3978; x_wconf 64' lang='lat' dir='ltr'>lorgga</span> <span class='ocrx_word' id='word_1_230' title='bbox 1538 3783 1628 3862; x_wconf 79' lang='lat' dir='ltr'>lata</span> <span class='ocrx_word' id='word_1_231' title='bbox 1656 3780 1699 3867; x_wconf 79' lang='lat'><em>&amp;</em></span> <span class='ocrx_word' id='word_1_232' title='bbox 1729 3784 1824 3866; x_wconf 81' lang='lat' dir='ltr'>alta</span> 
     </span>
    </p>
   </div>
   <div class='ocr_carea' id='block_1_10' title="bbox 249 3885 1824 4006">
    <p class='ocr_par' dir='ltr' id='par_1_12' title="bbox 249 3885 1824 4006">
     <span class='ocr_line' id='line_1_30' title="bbox 249 3885 1824 4006; baseline 0.011 -44"><span class='ocrx_word' id='word_1_233' title='bbox 249 3885 521 3981; x_wconf 83' lang='lat' dir='ltr'>conveniunt,</span> <span class='ocrx_word' id='word_1_234' title='bbox 552 3886 834 4003; x_wconf 78' lang='lat' dir='ltr'>efficiaturque</span> <span class='ocrx_word' id='word_1_235' title='bbox 852 3892 998 4004; x_wconf 78' lang='lat' dir='ltr'>figura</span> <span class='ocrx_word' id='word_1_236' title='bbox 1020 3892 1264 4005; x_wconf 70' lang='lat' dir='ltr'>qnadrnta,</span> <span class='ocrx_word' id='word_1_237' title='bbox 1294 3922 1413 4006; x_wconf 86' lang='lat' dir='ltr'>qnam</span> <span class='ocrx_word' id='word_1_238' title='bbox 1476 3896 1589 3978; x_wconf 78' lang='lat' dir='ltr'>raeci</span> <span class='ocrx_word' id='word_1_239' title='bbox 1616 3886 1729 3983; x_wconf 69' lang='lat' dir='ltr'>utun</span> <span class='ocrx_word' id='word_1_240' title='bbox 1747 3894 1824 3979; x_wconf 75' lang='lat' dir='ltr'>hoc</span> 
     </span>
    </p>
   </div>
   <div class='ocr_carea' id='block_1_11' title="bbox 249 3995 1822 4799">
    <p class='ocr_par' dir='ltr' id='par_1_13' title="bbox 251 3995 701 4097">
     <span class='ocr_line' id='line_1_31' title="bbox 251 3995 701 4097; baseline 0.02 -23"><span class='ocrx_word' id='word_1_241' title='bbox 251 3995 336 4097; x_wconf 75' lang='lat' dir='ltr'>ess,</span> <span class='ocrx_word' id='word_1_242' title='bbox 366 3995 507 4079; x_wconf 83' lang='lat' dir='ltr'>cnbrnm</span> <span class='ocrx_word' id='word_1_243' title='bbox 538 4020 701 4084; x_wconf 85' lang='lat' dir='ltr'>vocant.</span> 
     </span>
    </p>

    <p class='ocr_par' dir='ltr' id='par_1_14' title="bbox 249 4103 1822 4771">
     <span class='ocr_line' id='line_1_32' title="bbox 308 4103 1822 4233; baseline 0.012 -46"><span class='ocrx_word' id='word_1_244' title='bbox 308 4103 477 4193; x_wconf 79' lang='lat' dir='ltr'>Servata</span> <span class='ocrx_word' id='word_1_245' title='bbox 498 4114 637 4226; x_wconf 85' lang='lat' dir='ltr'>itaque</span> <span class='ocrx_word' id='word_1_246' title='bbox 669 4117 855 4226; x_wconf 86' lang='lat' dir='ltr'>analogia</span> <span class='ocrx_word' id='word_1_247' title='bbox 876 4120 985 4201; x_wconf 91' lang='lat' dir='ltr'>inter</span> <span class='ocrx_word' id='word_1_248' title='bbox 1004 4118 1200 4233; x_wconf 83' lang='lat' dir='ltr'>Congium</span> <span class='ocrx_word' id='word_1_249' title='bbox 1221 4120 1265 4206; x_wconf 72' lang='grc' dir='ltr'>δε</span> <span class='ocrx_word' id='word_1_250' title='bbox 1286 4119 1459 4203; x_wconf 82' lang='lat' dir='ltr'>Libram</span> <span class='ocrx_word' id='word_1_251' title='bbox 1479 4124 1726 4217; x_wconf 72' lang='lat' dir='ltr'>Romanam,</span> <span class='ocrx_word' id='word_1_252' title='bbox 1747 4144 1822 4205; x_wconf 87' lang='lat' dir='ltr'>an·</span> 
     </span>
     <span class='ocr_line' id='line_1_33' title="bbox 250 4228 1822 4349; baseline 0.011 -47"><span class='ocrx_word' id='word_1_253' title='bbox 250 4235 317 4300; x_wconf 88' lang='lat' dir='ltr'>tea</span> <span class='ocrx_word' id='word_1_254' title='bbox 337 4236 468 4327; x_wconf 61' lang='lat'>5245}</span> <span class='ocrx_word' id='word_1_255' title='bbox 486 4250 711 4333; x_wconf 85' lang='lat' dir='ltr'>granorum</span> <span class='ocrx_word' id='word_1_256' title='bbox 742 4228 988 4337; x_wconf 83' lang='lat' dir='ltr'>Troieustnm</span> <span class='ocrx_word' id='word_1_257' title='bbox 1017 4255 1247 4345; x_wconf 85' lang='lat' dir='ltr'>repertam,</span> <span class='ocrx_word' id='word_1_258' title='bbox 1278 4233 1441 4346; x_wconf 91' lang='lat' dir='ltr'>pondus</span> <span class='ocrx_word' id='word_1_259' title='bbox 1470 4234 1614 4349; x_wconf 85' lang='lat' dir='ltr'>Congii</span> <span class='ocrx_word' id='word_1_260' title='bbox 1641 4233 1714 4317; x_wconf 89' lang='lat' dir='ltr'>hic</span> <span class='ocrx_word' id='word_1_261' title='bbox 1742 4260 1822 4319; x_wconf 86' lang='lat' dir='ltr'>nu·</span> 
     </span>
     <span class='ocr_line' id='line_1_34' title="bbox 249 4342 1822 4459; baseline 0.01 -45"><span class='ocrx_word' id='word_1_262' title='bbox 249 4356 387 4414; x_wconf 87' lang='lat' dir='ltr'>merus</span> <span class='ocrx_word' id='word_1_263' title='bbox 409 4362 481 4443; x_wconf 90' lang='lat' dir='ltr'>per</span> <span class='ocrx_word' id='word_1_264' title='bbox 503 4366 544 4419; x_wconf 84' lang='lat' dir='ltr'>ro</span> <span class='ocrx_word' id='word_1_265' title='bbox 566 4342 884 4450; x_wconf 57' lang='lat' dir='ltr'>multiplicatum</span> <span class='ocrx_word' id='word_1_266' title='bbox 918 4353 1074 4449; x_wconf 69' lang='lat'>52457}</span> <span class='ocrx_word' id='word_1_267' title='bbox 1094 4372 1321 4453; x_wconf 88' lang='lat' dir='ltr'>granorum</span> <span class='ocrx_word' id='word_1_268' title='bbox 1352 4347 1591 4444; x_wconf 88' lang='lat' dir='ltr'>exhibebit,</span> <span class='ocrx_word' id='word_1_269' title='bbox 1622 4373 1710 4459; x_wconf 90' lang='lat' dir='ltr'>quo</span> <span class='ocrx_word' id='word_1_270' title='bbox 1745 4346 1822 4431; x_wconf 87' lang='lat' dir='ltr'>tri·</span> 
     </span>
     <span class='ocr_line' id='line_1_35' title="bbox 249 4445 1822 4572; baseline 0.014 -50"><span class='ocrx_word' id='word_1_271' title='bbox 249 4445 404 4552; x_wconf 79' lang='lat' dir='ltr'>plicato</span> <span class='ocrx_word' id='word_1_272' title='bbox 425 4448 467 4530; x_wconf 85' lang='lat'>&amp;</span> <span class='ocrx_word' id='word_1_273' title='bbox 492 4475 565 4553; x_wconf 88' lang='lat' dir='ltr'>per</span> <span class='ocrx_word' id='word_1_274' title='bbox 585 4461 665 4553; x_wconf 82' lang='lat'>760</span> <span class='ocrx_word' id='word_1_275' title='bbox 693 4454 847 4552; x_wconf 80' lang='lat' dir='ltr'>diviso,</span> <span class='ocrx_word' id='word_1_276' title='bbox 874 4455 1014 4537; x_wconf 92' lang='lat' dir='ltr'>cubici</span> <span class='ocrx_word' id='word_1_277' title='bbox 1044 4458 1217 4567; x_wconf 89' lang='lat' dir='ltr'>pollices</span> <span class='ocrx_word' id='word_1_278' title='bbox 1248 4490 1365 4561; x_wconf 89' lang='lat'>207,</span> <span class='ocrx_word' id='word_1_279' title='bbox 1405 4468 1516 4564; x_wconf 89' lang='lat'>0676</span> <span class='ocrx_word' id='word_1_280' title='bbox 1555 4458 1822 4572; x_wconf 89' lang='lat' dir='ltr'>prodibunt,</span> 
     </span>
     <span class='ocr_line' id='line_1_36' title="bbox 249 4559 1822 4771; baseline 0.01 -132"><span class='ocrx_word' id='word_1_281' title='bbox 249 4582 354 4674; x_wconf 86' lang='lat' dir='ltr'>quos</span> <span class='ocrx_word' id='word_1_282' title='bbox 384 4560 427 4644; x_wconf 90' lang='lat' dir='ltr'>in</span> <span class='ocrx_word' id='word_1_283' title='bbox 457 4559 630 4663; x_wconf 71' lang='lat' dir='ltr'>Tabulis</span> <span class='ocrx_word' id='word_1_284' title='bbox 648 4593 826 4680; x_wconf 89' lang='lat' dir='ltr'>quoque</span> <span class='ocrx_word' id='word_1_285' title='bbox 853 4567 1032 4682; x_wconf 82' lang='lat' dir='ltr'>Congius</span> <span class='ocrx_word' id='word_1_286' title='bbox 1059 4574 1207 4686; x_wconf 89' lang='lat' dir='ltr'>capit,</span> <span class='ocrx_word' id='word_1_287' title='bbox 1237 4575 1443 4687; x_wconf 79' lang='lat' dir='ltr'>capacitas</span> <span class='ocrx_word' id='word_1_288' title='bbox 1471 4572 1523 4662; x_wconf 81' lang='lat' dir='ltr'>ab</span> <span class='ocrx_word' id='word_1_289' title='bbox 1562 4574 1633 4660; x_wconf 82' lang='lat' dir='ltr'>illa</span> <span class='ocrx_word' id='word_1_290' title='bbox 1660 4568 1822 4771; x_wconf 57' lang='lat' dir='ltr'>mans</span> 
     </span>
    </p>

    <p class='ocr_par' dir='ltr' id='par_1_15' title="bbox 487 4704 1774 4799">
     <span class='ocr_line' id='line_1_37' title="bbox 487 4704 1774 4799; baseline 0.012 -45"><span class='ocrx_word' id='word_1_291' title='bbox 487 4736 499 4754; x_wconf 91' lang='lat'><strong>.</strong></span> <span class='ocrx_word' id='word_1_292' title='bbox 1684 4704 1774 4799; x_wconf 81' lang='lat' dir='ltr'>pan</span> 
     </span>
    </p>
   </div>
   <div class='ocr_carea' id='block_1_12' title="bbox 0 0 2074 5646">
    <p class='ocr_par' dir='ltr' id='par_1_16' title="bbox 0 0 2074 5646">
     <span class='ocr_line' id='line_1_38' title="bbox 0 0 2074 5646; baseline 0 0"><span class='ocrx_word' id='word_1_293' title='bbox 0 0 2074 5646; x_wconf 95' lang='lat' dir='ltr'> </span> 
     </span>
    </p>
   </div>
  </div>
 </body>
</html>
