4102 5656
232 305 289 427 ,a
449 210 1579 398 vanuum-numo.numismatum

232 511 331 612 bet,
356 532 542 625 quorum
559 530 641 618 ope
662 495 927 615 depublicis,
943 496 1236 587 Romanorum
1265 493 1310 581 &
1338 496 1507 609 privatis
1532 495 1721 617 diuitiis,
1745 526 1816 587 re-

231 624 254 709 l
279 620 373 711 eliu
391 618 634 735 quantitatis
653 616 854 727 pecuniae
870 612 1035 721 -ufitalis
1043 612 1121 720 sta
1138 610 1354 699 currentis
1372 634 1428 697 ex
1443 612 1554 707 auro
1571 624 1814 722 ’argentove

234 651 437 847 ibgnatae,
469 731 667 818 'udicium
688 726 800 813 ferre
819 725 1064 841 poterimus.
1091 722 1139 810 ln
1160 750 1242 838 qua
1262 723 1621 838 contemplatione
1636 722 1816 842 sequen·

235 851 291 935 tia
313 870 434 935 natur
476 849 554 932 iter
574 861 814 931 occurrent.
958 847 963 858 '
1237 878 1246 885 ··
1330 880 1366 933 ,t
1455 904 1475 937 ,t
1601 934 1607 943 ,
1759 894 1778 955 t·

290 961 460 1056 Primo,
490 980 615 1074 quarn
636 957 786 1066 exigua
805 951 933 1040 fuerit
953 938 1317 1039 nummario-urbis
1336 948 1505 1040 Romae
1533 953 1576 1036 in
1590 954 1816 1064 primae·

235 1075 298 1161 'us
319 1071 502 1158 infantia.
712 1156 720 1163 ,

229 1105 246 1187 J
292 1184 513 1283 Secundo,
541 1203 739 1296 quantam
750 1180 991 1273 divitiarum
1011 1181 1334 1379 prgportionem
1344 1179 1444 1266 urbs
1454 1176 1619 1279 Roma,
1638 1181 1681 1265 in
1702 1178 1814 1268 fasti-

235 1303 339 1413 gio,
378 1297 603 1394 habuerit,
644 1295 671 1380 fi
701 1322 799 1383 cum
828 1293 1032 1380 ditillrmis
1101 1320 1259 1405 uropae
1286 1294 1484 1405 emporiis
1515 1290 1815 1397 conferantur,

236 1424 338 1528 quas
356 1413 566 1522 absolutas
584 1408 749 1495 Romae
770 1408 934 1494 divitias
954 1433 1110 1492 uocare
1128 1407 1242 1492 licet.
1287 1406 1291 1427 '
1658 1420 1662 1427 '
1779 1430 1787 1443 ·

240 1586 245 1593 -
262 1586 274 1597 .
292 1523 473 1626 Tertio,
491 1549 618 1640 quam
637 1523 958 1637 proportionem
977 1524 1154 1634 pecunia
1173 1522 1218 1606 in
1237 1520 1496 1613 commercio
1507 1520 1739 1633 circularis,
1752 1522 1815 1639 ad

235 1642 444 1727 mercium
469 1640 602 1751 pretia
621 1658 691 1725 aut
711 1636 953 1723 incolarum.
975 1632 1199 1721 numerum
1220 1632 1474 1733 obtinuerit,
1504 1633 1561 1755 id¹
1608 1634 1813 1737 uodrll'sr

235 1781 325 1837 mae
343 1750 508 1837 divitias
527 1753 739 1836 relativas
759 1747 872 1835 haud
888 1751 1030 1863 inepte
1041 1748 1217 1833 dixeris.
1304 1746 1406 1860 Quo
1434 1744 1557 1833 sensu
1573 1660 1815 1859 dubitatum

126 1886 130 1896 ·
234 1862 318 1964 est,
345 1884 488 1951 utrum
499 1867 716 1977 Romapro
746 1865 809 1951 rie
827 1861 1060 1967 ditiordici
1079 1860 1228 1974 pollrt,
1253 1884 1381 1975 quarn
1399 1859 1814 1974 quodcumquoem·

232 1978 402 2090 pnrium
419 1975 672 2064 hodiernum
692 1890 916 2091 Epuropae?
945 1972 1092 2062 Credo
1112 1989 1252 2061 tamen
1281 1976 1451 2059 Romam
1479 1976 1665 2091 utroque
1692 1973 1814 2065 sensu

230 2089 409 2204 palmam
426 2089 666 2179 ablaturarn.
1114 2118 1117 2123 ·
1522 2094 1549 2165 '.
1734 2160 1775 2169 ..

284 2204 478 2319 Quarto,
506 2204 619 2293 aliud
638 2203 774 2291 adhuc
794 2202 1142 2305 conside-randum
1162 2199 1306 2289 restat:
1336 2201 1419 2288 viz.
1475 2201 1814 2316 Quanquarn,ut

232 2339 361 2430 puto,
392 2339 585 2430 tempore
612 2317 761 2404 summi
777 2314 1008 2430 splendoris
1027 2318 1195 2428 imperii
1214 2317 1414 2413 Romani,
1442 2317 1582 2400 minor
1601 2320 1814 2430 quantitas

232 2427 382 2514 usualis
400 2430 472 2516 seu
501 2435 706 2516 currentis
735 2433 948 2543 pecuniae.
964 2431 1010 2514 in
1039 2428 1212 2539 Europa
1231 2429 1311 2515 fuit
1331 2452 1457 2543 quarn
1477 2427 1694 2530 nuncest,
1720 2432 1814 2545 pull

231 2540 481 2653 patefadiam
508 2541 777 2641 Americamr
808 2540 992 2631 attamen
1019 2541 1119 2630 urbs
1151 2544 1313 2641 Rosea,
1351 2565 1578 2655 prorata,
1607 2542 1814 2652 majorem

287 2675 396 2743 rtem
414 2659 619 2769 pecuniae
647 2654 909 2756 circulantis,
947 2656 1129 2745 sui-aevi
1157 2652 1415 2771 polluebat,
1453 2681 1580 2770 quant
1598 2656 1686 2741 ulla
1712 2658 1833 2745 urbs.

230 2679 453 2903 fibropaea
479 2796 678 2887 unquam.
736 2769 952 2897 Adeoque
978 2768 1022 2857 dt
1043 2769 1277 2858 boc-tertio
1295 2767 1413 2857 sensu
1437 2769 1568 2891 Roara
1588 2769 1721 2859 ditior
1748 2771 1813 2861 ‚di-

232 2907 274 2968 cr
322 2903 461 2970 oterrt.
591 2898 594 2905 '
792 2950 827 2961 ..
880 2948 898 2959 .,
1618 2926 1740 2963 ..··.

243 3047 249 3057 ·
335 2998 469 3082 ivitias
488 2996 641 3085 Romae
659 2998 781 3083 variis
798 2996 1004 3113 aetanbus
1017 2998 1154 3085 uarias
1172 2993 1377 3095 suille·,ex
1384 2994 1655 3111 sequentibus
1666 3026 1811 3089 exem·

262 3105 313 3195 lis
339 3106 543 3197 [elimes
571 3110 808 3221 intelligent
826 3166 841 3211 ,
857 3106 989 3224 quod
1017 3133 1065 3197 ut
1085 3108 1347 3196 manifestum
1365 3110 1508 3209 lieret,
1536 3114 1809 3201 nonnullisin

231 3133 340 3321 breis
357 3220 676 3336 chronologiam
695 3226 739 3311 in
758 3226 948 3337 margine
965 3220 1181 3336 adscripsi..
1198 3223 1421 3310 Notabunr
1436 3222 1619 3311 similiter
1640 3226 1809 3315 easdem

234 3334 377 3422 exalte
396 3335 575 3424 summas
593 3339 637 3423 in
656 3335 1045 3437 diversrsarticulis,
1063 3361 1130 3423 ex.
1141 3362 1204 3450 gr.
1215 3338 1513 3427 nonnullorum
1524 3338 1683 3425 civium
1695 3366 1809 3454 mag·

233 3476 307 3537 uas
322 3446 511 3537 fortunas
533 3449 587 3536 ad
606 3451 885 3569 quadrantem
905 3450 977 3537 seu
996 3453 1209 3538 denariam
1228 3478 1362 3567 usque
1382 3450 1574 3567 aequales
1593 3451 1808 3556 exhiberi,

235 3562 433 3670 cujusrei
442 3564 602 3681 duplex
609 3564 731 3652 caula
741 3563 995 3665 elisaltera,
1013 3564 1129 3681 quod
1142 3566 1343 3669 Rotnani,
1359 3564 1809 3680 quemadmodumnuc

234 3671 440 3774 solemus,
463 3702 540 3788 per
557 3700 757 3764 numeros
775 3678 983 3765 rotundos
1001 3682 1363 3792 computaverint,
1391 3678 1522 3765 veluti
1543 3680 1694 3792 aliquis
1731 3685 1809 3767 'os-

236 3783 340 3873 srdet
359 3791 542 3888 centies,
569 3812 641 3875 aut
660 3791 877 3878 ducenties
895 3792 1009 3879 mille
1039 3790 1162 3879 libras
1186 3829 1200 3891 ;
1231 3794 1386 3894 altera,
1413 3791 1533 3906 qu'od
1561 3797 1646 3879 mei
1674 3822 1706 3881 o
1756 3794 1809 3883 cii

236 3898 319 3988 fuit
335 3899 767 4015 exadehaslumma's
785 3903 1016 3995 secundum
1028 3902 1491 4018 Tabulascornputur'e.
1551 3904 1690 4019 Spero
1707 3908 1806 3997 Le·

237 4013 537 4104 doremiacile
556 4016 908 4119 existima-turum,
935 4017 1298 4120 meumnoneise,
1322 4039 1371 4106 ut
1381 4016 1572 4106 onmium
1585 4020 1809 4109 Far‘loraat

236 4131 459 4216 veritatem
467 4131 690 4331 (praestem.
750 4133 916 4221 Adsero
946 4162 1027 4234 ea,
1056 4154 1183 4249 prout
1214 4135 1258 4219 in
1287 4132 1523 4221 rudioribus
1553 4134 1739 4239 exilant,
1767 4143 1808 4223 dc

236 4242 468 4358 qnanra'po
500 4269 571 4332 um
590 4246 674 4343 fide
693 4246 1109 4360 summascomputo.
1167 4246 1363 4335 Calculus
1392 4252 1551 4362 optima
1583 4249 1807 4338 methodus

236 4354 319 4453 eit,
344 4354 682 4468 probabilitatem
699 4359 924 4456 fulciendi,
953 4381 1024 4446 aut
1052 4361 1317 4447 mendacium
1348 4361 1589 4473 detegendi.
1756 4462 1761 4471 Ι

292 4472 444 4584 Neque
474 4491 613 4559 tamen
644 4475 780 4557 omnis
808 4471 991 4559 adhibita
1011 4503 1034 4559 a
1053 4496 1122 4560 me
1141 4475 1358 4586 diligentia
1379 4475 1535 4577 obllat,
1565 4503 1653 4595 quo
1673 4480 1808 4565 minus

234 4585 279 4670 in
298 4603 412 4673 tanta
429 4585 624 4675 locorum
641 4584 911 4676 multitudine
925 4587 1067 4702 aliqua
1085 4608 1157 4675 aut
1174 4588 1369 4701 p‘erverse
1389 4591 1589 4704 allegata,
1619 4613 1690 4681 aut
1722 4618 1805 4725 non

1730 4725 1807 4793 rste
