4140 5646
91 346 98 355 ,
241 269 299 374 a,
453 239 1595 359 ranunnaurrouumrsmarum
1711 307 1713 310 ι

296 471 430 555 Aram
451 463 662 550 Ezechiel
678 491 712 544 c.
734 454 885 544 XLIII.
910 485 974 557 13.
996 458 1119 566 eique
1143 456 1338 566 parallelo
1370 456 1467 541 XL.
1493 488 1529 563 5.
1553 456 1706 545 Cubito
1727 489 1814 552 me·

240 589 366 678 titur,
396 583 470 695 qui
492 578 632 661 Palmo
653 574 815 683 superat
836 569 1131 688 Babyloniam,
1150 568 1221 651 ubi
1241 573 1397 682 captivi
1417 570 1816 687 detinebanturJe·

241 699 334 781 dae-i
358 730 369 787 ;
402 694 586 778 Palmum
614 689 736 797 proin
757 681 989 768 mensuram
1020 679 1136 766 suille
1155 680 1347 767 omnibus
1368 706 1534 782 notam,
1565 687 1719 771 exinde
1743 719 1816 804 ap·

240 828 371 922 paret.
430 818 560 890 Porro
580 801 630 883 ad
643 800 909 910 propriorum
931 793 1177 882 cubitorum
1195 798 1729 909 cognitionemperdueere
1741 830 1815 891 eos

242 919 450 1033 Propheta
470 916 626 1011 voluit,
656 912 730 1025 qui
750 909 1022 1014 Babylonios,
1042 908 1278 995 Palmorum
1299 937 1322 1013 5
1342 967 1356 1008 ‚
1387 908 1552 1021 fingulis
1584 914 1731 1001 Palmis
1750 916 1815 1003 su·

275 1055 404 1119 crant.

244 1061 271 1145 p
300 1145 422 1230 Dicta
442 1140 690 1252 probaturus
710 1135 939 1251 Episcopus
958 1138 1101 1221 locum
1122 1164 1177 1222 ex
1198 1139 1343 1223 Misere
1364 1138 1540 1223 Chileim
1560 1163 1646 1254 cap.
1670 1174 1720 1251 17
1738 1145 1815 1231 ad.

245 1259 386 1356 ducit,
412 1257 589 1341 citatum
611 1253 713 1336 olim
735 1250 785 1335 ab
807 1251 919 1334 Aria
940 1252 1164 1348 Montano,
1223 1281 1281 1335 uo
1310 1250 1421 1360 Sufis
1450 1253 1661 1451 duplicem
1691 1258 1815 1344 Cubi·

245 1393 361 1468 tum,
392 1369 503 1453 hunc
523 1368 674 1451 Palmis
695 1367 855 1478 quinis,
885 1363 1001 1448 illum
1021 1363 1148 1460 senis,
1176 1391 1198 1447 a
1232 1385 1422 1449 ervatum
1443 1363 1498 1449 sui
1535 1367 1815 1457 eedocemur.

244 1481 341 1571 Hos
371 1486 497 1567 etiam
519 1478 756 1563 Herodotus
772 1480 816 1562 in
836 1478 976 1563 Clione
996 1474 1231 1587 distinguit,
1261 1505 1393 1590 quum
1412 1477 1538 1577 dicit,
1571 1494 1716 1566 Muros
1728 1484 1817 1569 Be·

243 1597 401 1701 balanis
422 1593 593 1679 cubitos
614 1624 695 1675 200
716 1594 759 1675 in
779 1590 997 1676 altitudine
1018 1587 1199 1675 habuisse
1220 1648 1232 1686 ,
1262 1593 1486 1704 regiosque
1520 1591 1692 1679 cubitos
1719 1587 1815 1677 lae·

247 1705 358 1795 alam
381 1709 508 1791 trium
530 1705 731 1813 (totidem
751 1702 888 1789 forsan
908 1703 1129 1806 Pollicum)
1151 1704 1332 1816 reliquos
1350 1703 1565 1816 superasse.

303 1823 420 1906 Dum
449 1824 556 1904 muri
588 1818 828 1918 mensuras,
869 1817 1072 1926 templum
1098 1820 1282 1902 exterius
1312 1820 1551 1927 cingentis,
1592 1823 1761 1910 traditas
1789 1853 1815 1912 a

249 1934 427 2047 Josepbo
448 1934 491 2018 ἃ
510 1964 532 2018 a
552 1929 765 2016 Telmedis
791 1928 1111 2042 interpretibus,
1140 1957 1237 2016 cum
1267 1927 1416 2016 Stadiis
1436 1933 1660 2019 Hebraicis
1687 1959 1814 2052 atque

248 2051 469 2144 Romanis,
500 2045 747 2132 cubitorum
776 2073 859 2152 400
891 2044 935 2129 δι
968 2072 1082 2147 500,
1111 2041 1356 2130 conferebat
1386 2044 1571 2155 Jacebes
1596 2048 1815 2163 Capellae,

248 2161 498 2247 Hebraicum
520 2157 715 2253 Cubitum
730 2157 785 2244 ad
806 2161 1031 2242 Romanum
1051 2158 1093 2243 in
1114 2162 1276 2243 ratione
1299 2185 1345 2263 5:
1377 2192 1404 2263 4
1424 2157 1504 2244 else
1524 2160 1695 2248 edodus
1714 2163 1787 2250 est

307 2289 492 2372 Contra,
522 2275 668 2357 Attico
697 2271 849 2360 Cubito
879 2271 1128 2355 Hebraicum
1157 2303 1179 2356 a
1201 2271 1379 2385 Josepbo
1399 2272 1589 2357 videmus
1608 2302 1817 2393 exaequo·

250 2411 362 2484 tum,
393 2388 538 2500 quain
560 2413 629 2482 re,
659 2406 705 2469 ut
735 2387 777 2468 in
807 2382 1065 2470 aestimando
1096 2386 1275 2469 nummis
1304 2382 1497 2484 fecerat,
1527 2387 1733 2474 Rabbinis
1759 2419 1815 2480 ex

248 2498 423 2582 adverso
443 2497 529 2583 stat.
588 2497 834 2606 Abulfedem
863 2495 1068 2584 Hamardi
1087 2499 1130 2582 in
1149 2496 1326 2582 Oriente
1356 2496 1554 2608 Regem,
1585 2498 1694 2589 haud
1720 2505 1817 2591 lou·

250 2634 304 2720 ge
325 2642 346 2694 a
364 2610 539 2722 Judaea
558 2609 717 2697 dillrtae
747 2613 959 2711 civitatis,
998 2611 1213 2697 hominem
1234 2613 1276 2694 in
1307 2610 1586 2724 disquirendis
1614 2617 1815 2729 ponderi·

250 2726 325 2815 bus
347 2724 598 2810 mensurisve
619 2725 795 2813 mirifice
815 2724 887 2811 srbi
916 2726 1186 2836 placentem,
1226 2724 1460 2809 Kircberes
1487 2725 1631 2815 dixisse
1658 2729 1815 2832 refert,

246 2838 531 2925 Hebraeorum
551 2839 727 2948 legalem
749 2836 943 2928 Cubitum
964 2837 1190 2953 AEgyptie,
1210 2837 1364 2947 Digitis
1386 2870 1462 2946 24,
1484 2837 1565 2926 esse
1585 2843 1814 2958 aequalem.

307 2952 559 3035 Hebraicum
579 2952 774 3036 Cubitum
793 2953 928 3036 Rabbi
946 2952 1153 3039 Gedaliah
1179 2949 1312 3035 Ulnae
1340 2952 1519 3037 contulit
1547 2955 1812 3065 Bononienfi3

249 3090 304 3149 cx
323 3060 866 3171 cujusleviffimesubdudis
878 3062 1106 3149 rationibus
1127 3063 1376 3147 Hebraicum
1388 3062 1579 3151 Cubitum
1591 3068 1814 3157 Pollicibus

250 3207 327 3273 21,
361 3205 440 3279 735
463 3174 691 3289 Episcopus
709 3177 877 3273 elicuit,
906 3175 957 3260 ab
975 3176 1048 3265 illo
1070 3178 1142 3291 qui
1160 3175 1233 3288 ipsr
1252 3177 1390 3288 placet
1409 3178 1480 3269 rix
1498 3175 1660 3268 decima
1687 3183 1816 3269 Polli·

248 3292 308 3378 cIs
329 3305 445 3398 part'c
466 3289 742 3376 deficientem.

303 3401 435 3489 Didia
450 3403 690 3516 symmetria
719 3405 896 3493 accedit.
955 3408 1140 3495 Mensam
1168 3436 1324 3522 panum
1353 3409 1646 3524 propositionis
1674 3409 1814 3498 noster

249 3514 444 3616 cubitus,
473 3517 525 3601 ad
544 3518 719 3607 Pollices
742 3551 819 3620 32,
852 3521 933 3622 832
965 3523 1150 3620 attollit,
1209 3551 1304 3608 uam
1332 3523 1660 3638 lesquicubitum
1687 3527 1815 3612 altam

250 3632 510 3737 accepimus,
541 3657 637 3714 cum
658 3633 710 3714 ad
730 3655 919 3717 veterem
940 3635 1166 3717 Romanum
1225 3637 1386 3723 ubitum
1408 3664 1493 3722 non
1513 3639 1620 3726 ultra
1639 3637 1815 3726 Pollices

251 3744 328 3835 26,
363 3768 438 3848 109
471 3738 725 3838 adscendat,
752 3772 862 3854 quae
882 3744 940 3830 est
960 3746 1122 3832 mensae
1142 3751 1267 3834 nimia
1293 3750 1515 3835 humilitas.

308 3850 426 3933 Noae
438 3854 572 3935 Areae
584 3851 634 3935 ad
647 3851 841 3938 Cubitum
858 3861 903 3942 18
921 3858 1120 3944 Pollicum
1133 3865 1336 3949 excitatae
1356 3865 1560 3974 capacitas
1588 3892 1720 3978 parvo
1738 3889 1815 3951 ex·

249 3960 361 4049 cellu
381 3963 594 4049 dimidiam
625 3969 897 4078 capacitatem
916 3968 1145 4081 superabit,
1175 4003 1300 4088 quam
1329 3974 1480 4062 Cubito
1501 4006 1553 4061 21
1574 4037 1601 4085 ,‚
1617 3980 1695 4064 888
1720 3979 1816 4066 Pol·

166 4112 168 4115 ·
213 4131 219 4141 -
248 4075 375 4160 licum
396 4076 703 4188 adipisceretur.
1536 4112 1539 4117 ’
1614 4144 1618 4150 2

306 4186 374 4271 De
407 4187 466 4273 his
497 4187 695 4303 Episcopi
726 4195 1016 4282 Camberlandi
1046 4203 1305 4299 ratiociniis,
1343 4201 1527 4316 quibus,
1565 4225 1613 4291 ut
1639 4208 1815 4293 unicum

250 4297 430 4409 Judaeis
448 4304 861 4392 CubitumPollicum
884 4340 961 4408 21,
994 4312 1072 4397 888
1097 4315 1325 4412 concedat,
1355 4316 1593 4414 inducitur,
1623 4318 1815 4430 legentes

250 4439 304 4495 ex
323 4412 496 4497 arbitrio
525 4414 791 4501 constituent.
851 4421 984 4508 Nobis
1044 4425 1187 4511 uidem
1216 4426 1474 4514 manifestum
1506 4431 1705 4528 videtur,
1736 4432 1816 4517 du·

247 4524 403 4635 plicem
420 4553 495 4615 eos
529 4526 749 4634 Cubitum,
779 4528 954 4623 Sacrum
974 4453 1155 4628 habuisse
1175 4562 1301 4657 atque
1319 4541 1548 4630 Prolanum
1567 4541 1651 4632 five
1670 4544 1818 4654 vulga-

1723 4683 1816 4745 rem
