4140 5646
445 268 959 361 MENSURARUM
987 268 1079 359 ET
1106 263 1518 359 PONDERUM.
1723 299 1800 376 241
1867 354 1870 360 ,

240 482 505 569 exemtiones
527 513 550 568 a
569 483 884 591 municipalibus
904 480 1077 580 officiis,
1106 484 1154 568 iis
1173 481 1403 579 concessas,
1434 482 1508 595 qui
1535 480 1703 591 propria
1731 506 1801 565 na·

241 602 307 694 vi,
338 616 478 681 certae
507 598 820 707 magnitudinis,
866 600 909 681 in
940 598 1187 683 advehendo
1215 596 1265 682 ab
1298 598 1451 680 exteris
1479 594 1562 677 oris
1590 590 1802 678 frumento

241 710 437 818 occupati
456 733 585 794 erant.
669 710 814 822 Quum
836 710 1069 795 conditioni
1098 708 1242 795 dolose
1260 704 1569 802 satisfaciendo,
1597 702 1804 818 privilegii

240 818 492 910 beneficium
513 820 622 906 lraud
642 824 763 935 pauci
783 822 835 908 ad
855 822 897 907 se
917 821 1080 907 trahere
1109 822 1286 917 vellent,
1313 819 1416 930 legis
1434 836 1575 903 mente
1596 819 1802 1013 fpraeteri-

236 932 608 1032 ta,hissraudibus
627 937 746 1020 novis
763 934 923 1045 legibus
934 930 1296 1021 obviamitnmcst.
1354 928 1593 1017 Navesaedi
1624 925 1802 1013 carcSe·
1834 948 1839 957 '

235 1066 408 1134 aratores
424 1046 651 1147 Claudius,
681 1045 898 1133 Tribunus
918 1047 1074 1159 plebis,
1102 1041 1594 1157 bellopunicosecundo,
1613 1042 1709 1151 lege
1729 1066 1799 1125 ve·

212 1159 347 1255 tuit,
375 1185 481 1271 quae
501 1159 628 1269 Julia
645 1161 739 1270 lege
760 1160 813 1245 de
842 1158 1180 1245 concussionibus
1212 1158 1455 1243 confirmata
1474 1154 1546 1241 est.

297 1270 499 1366 Oiiavio,
530 1272 712 1357 Antonio
734 1273 775 1358 δε
798 1273 955 1388 Lepido
973 1272 1253 1370 Triumviris,
1281 1265 1446 1355 classem
1464 1291 1707 1377 magnarum
1727 1292 1799 1351 na·

236 1384 354 1472 vium
373 1384 598 1498 Pompcy'us
617 1386 723 1474 filius
743 1386 1080 1499 comparauit,&
1100 1382 1284 1480 delestis,
1300 1408 1407 1495 quos
1427 1379 1798 1492 fingulispraesicc-

235 1515 327 1596 ret,
356 1496 609 1609 peritissimis
620 1498 944 1611 tribunis,patris
955 1493 1485 1609 exemplomarisortunam
1497 1490 1799 1607 expeririinsti·

234 1599 338 1720 tuit:
376 1635 480 1696 mox
498 1638 597 1695 curn
616 1612 823 1697 nonnullis
840 1610 1005 1696 suarum
1024 1613 1191 1698 navium
1207 1607 1387 1696 secunda
1406 1606 1802 1722 proeliacontraali·

233 1747 339 1836 quas
357 1747 412 1807 ex
440 1722 634 1833 Caesaris
662 1722 832 1809 navibus
861 1750 960 1809 cum
989 1720 1275 1819 commisrsset‚
1303 1721 1409 1807 adeo
1438 1719 1627 1807 incensus
1646 1716 1727 1815 est,
1753 1734 1803 1803 ut

231 1832 427 1921 caerulea
437 1834 547 1921 veste
556 1836 749 1934 indutus,
776 1837 968 1951 Neptuni
985 1838 1114 1923 filiurn
1134 1834 1176 1922 se
1194 1835 1465 1950 praedicaret.
1553 1832 1622 1918 Ab
1643 1832 1692 1914 A
1714 1830 1803 1943 rip-

216 1989 219 1996 ·
264 1959 464 2062 umquem
483 1947 593 2034 classi
615 1948 1057 2062 Caestcrpraesecerat,
1086 1976 1225 2063 pugna
1243 1944 1549 2059 navalisugatus
1570 1944 1640 2031 est.
1707 1968 1801 2030 roe·

226 1968 343 2158 sum
359 2058 413 2146 ad
431 2087 549 2148 oram
568 2059 761 2159 Siciliae,
790 2088 890 2147 cunr
909 2064 1108 2149 trecentis
1126 2090 1179 2149 ex
1197 2064 1341 2175 quavis
1359 2082 1477 2174 parte
1496 2058 1691 2162 navibus,
1730 2053 1801 2139 da·

234 2192 344 2260 tum.
421 2171 613 2301 Agrippa
640 2176 830 2261 nauticae
850 2172 1115 2288 peritissimus
1134 2198 1246 2273 erat,
1276 2199 1455 2286 eumque
1484 2196 1641 2257 corona
1670 2166 1804 2251 navali

158 2349 163 2358 .
237 2282 430 2390 dominus
450 2312 560 2395 ejus,
589 2286 1178 2397 OllaoiusCocfiur,ornavit,
1208 2288 1307 2373 licet
1326 2286 1411 2397 ipse
1429 2284 1482 2370 ad
1500 2284 1723 2369 maritimas
1734 2304 1804 2364 ex·

231 2397 472 2512 peditiones
492 2422 563 2487 aut
581 2402 773 2513 ingenio,
803 2423 872 2488 aut
900 2400 1138 2501 voluntate,
1169 2399 1474 2486 destitueretur.

285 2503 507 2614 ,Proelium
528 2514 701 2602 tandem
717 2516 935 2601 Ac'siacum
954 2531 997 2615 (1,
1034 2516 1251 2625 Caesarem
1271 2516 1381 2598 inter
1403 2510 1445 2596 &
1466 2510 1717 2606 Antonium,
1747 2508 1800 2595 de
1813 2544 1968 2609 nucu,

214 2624 361 2711 'maris
379 2628 556 2737 imperio
574 2628 692 2712 litem
712 2627 893 2714 diremit.
951 2630 1130 2715 Navium
1161 2626 1212 2712 ab
1240 2646 1417 2737 utraque
1436 2646 1554 2735 parte
1574 2621 1801 2707 admodum
1815 2612 1875 2671 Μ’·
1893 2624 1916 2655 ²·

151 2789 154 2798 ·
236 2739 416 2823 variatos
435 2762 655 2838 numeros,
684 2742 742 2824 ita
762 2738 1097 2839 conciliabimus,
1128 2734 1800 2845 srhoslongarumsolumnavium

236 2873 459 2934 numerum
489 2845 768 2961 descripsisse,
797 2852 899 2935 alios
920 2853 1128 2935 onerarias
1147 2846 1336 2960 adjecisse
1356 2847 1554 2933 dicamus.
1641 2842 1685 2931 si
1705 2874 1803 2933 uera

151 3041 156 3054 ,
236 2958 505 3046 Plutarchus
523 2982 685 3059 narrat,
716 2987 802 3049 non
820 2960 928 3050 adeo
947 2975 1114 3073 magnas
1134 2988 1259 3047 naves
1287 2962 1514 3044 Antonium
1543 2956 1724 3064 babuisse
1753 2987 1802 3045 o·
1945 2966 1948 2973 '

234 3090 392 3185 portet.
476 3070 667 3157 Militum
694 3076 807 3158 enirn
835 3077 986 3185 viginti
1004 3075 1090 3160 duo
1107 3074 1234 3159 millia
1251 3078 1295 3157 in
1315 3072 1637 3187 quadringentas
1664 3070 1803 3159 forsan

233 3208 360 3270 naves
370 3180 644 3283 distribuerat,
654 3182 856 3299 siquidem
866 3204 1078 3273 trecentae
1088 3189 1131 3271 in
1141 3187 1304 3299 proelio
1315 3207 1459 3297 captae
1481 3185 1588 3270 sunt.
1618 3182 1730 3270 Cum
1741 3184 1800 3269 se·

195 3359 198 3366 ·
235 3298 407 3407 xaginta
436 3299 655 3409 Cleopatra
693 3297 881 3409 aufugit,
919 3298 1285 3414 &quinqueremi
1324 3300 1546 3383 Antonius.
1632 3295 1717 3379 Pro
1747 3324 1814 3381 eo·

166 3511 182 3518 ..
235 3427 444 3520 computo
471 3410 516 3492 in
543 3409 704 3495 mediae
733 3410 1030 3521 magnitudinis
1062 3414 1223 3505 navim,
1255 3437 1342 3494 non
1373 3412 1479 3493 ultra
1500 3410 1799 3522 quinquaginta

164 3533 167 3539 '
236 3520 340 3633 quin
373 3546 426 3604 ue
445 3542 624 3607 armatos
643 3548 862 3607 numerare
881 3522 1037 3607 iicebit.
1124 3520 1162 3605 V
1168 3522 1311 3607 isioria
1340 3549 1393 3605 eo
1414 3520 1483 3605 die
1512 3518 1797 3603 Liburnarum

236 3630 329 3736 usui
338 3548 568 3719 debebatur
576 3691 591 3734 ,
619 3634 731 3719 unde
753 3661 895 3720 earum
915 3630 1225 3749 insequentibus
1245 3630 1503 3743 temporibus
1524 3630 1617 3739 usus
1631 3658 1799 3743 percre-

236 3739 341 3830 buit.
426 3743 558 3833 Maris
586 3748 808 3859 imperium
836 3746 909 3833 libi
937 3744 1169 3833 adserturus
1192 3746 1401 3861 Augustus
1430 3748 1605 3853 Caesar,
1635 3742 1798 3830 classem

193 3943 198 3972 ·.
234 3856 451 3968 ingentem
469 3861 842 3974 comparavit,qua
863 3859 1165 3972 Meliteustum,
1188 3860 1506 3970 Corcyraeorum
1526 3859 1569 3944 dt
1591 3858 1797 3941 Liburno·

199 3971 330 4080 'lauru
348 3971 549 4057 maritima
568 3973 784 4058 latrocinia
804 3973 1063 4084 reprimeret.
1123 3972 1325 4057 Classrbus
1345 3970 1501 4057 duabus
1531 3972 1630 4056 duas
1661 3968 1798 4055 statio·
1849 4022 1854 4031 ·

236 4081 310 4168 nes
329 4081 576 4192 adsignavit,
606 4112 706 4199 quas
735 4086 896 4196 semper
925 4106 1097 4169 armatas
1128 4082 1293 4180 habuit,
1322 4110 1448 4169 unam
1468 4082 1519 4166 ad
1549 4104 1797 4195 promonto-

150 4243 160 4254 -
194 4196 346 4282 -rium
373 4197 601 4303 Mestrium,
639 4197 815 4282 inmari
850 4194 1083 4306 Tyrrheno,
1122 4198 1292 4281 alteram
1331 4198 1582 4293 Ravennae,
1620 4200 1664 4281 in
1693 4200 1795 4281 mari

235 4307 476 4394 Adriatico:
507 4310 566 4395 illi
595 4312 733 4397 omnia
761 4312 893 4397 maria·
918 4308 1056 4397 versus
1086 4309 1378 4407 occidentem,
1407 4306 1504 4394 huic
1534 4338 1641 4425 quae
1670 4310 1722 4438 ad
1751 4336 1797 4391 o-

1384 4466 1389 4473 ·
1689 4447 1797 4504 rrcn·

273 4582 293 4647 q
313 4568 420 4630 Atiiuro
433 4566 522 4629 bodie
537 4570 601 4645 Capu
614 4568 706 4651 Figulo
718 4569 833 4644 dieunt,
853 4570 889 4633 ad
908 4570 1022 4635 initium
1041 4570 1115 4631 finus
1127 4572 1266 4630 Ambracii
1284 4567 1377 4649 (Golso
1389 4570 1418 4629 uli
1431 4566 1539 4645 Lutto.)

1010 4694 1015 4703 ·
1137 4646 1240 4731 Hb
