<?xml version="1.0" encoding="UTF-8"?>
<!DOCTYPE html PUBLIC "-//W3C//DTD XHTML 1.0 Transitional//EN"
    "http://www.w3.org/TR/xhtml1/DTD/xhtml1-transitional.dtd">
<html xmlns="http://www.w3.org/1999/xhtml" xml:lang="en" lang="en">
 <head>
  <title>
</title>
<meta http-equiv="Content-Type" content="text/html;charset=utf-8" />
  <meta name='ocr-system' content='tesseract 3.04.00' />
  <meta name='ocr-capabilities' content='ocr_page ocr_carea ocr_par ocr_line ocrx_word'/>
</head>
<body>
  <div class='ocr_page' id='page_1' title='image "./caroliarbuthnot00arbugoog_0237.png"; bbox 0 0 4140 5646; ppageno 0'>
   <div class='ocr_carea' id='block_1_1' title="bbox 234 262 1609 829">
    <p class='ocr_par' dir='ltr' id='par_1_1' title="bbox 234 262 1609 829">
     <span class='ocr_line' id='line_1_1' title="bbox 234 262 1609 397; baseline -0.007 -26"><span class='ocrx_word' id='word_1_1' title='bbox 234 280 319 373; x_wconf 70' lang='lat' dir='ltr'><strong>ari</strong></span> <span class='ocrx_word' id='word_1_2' title='bbox 466 274 782 371; x_wconf 77' lang='lat' dir='ltr'><strong>TABULAE</strong></span> <span class='ocrx_word' id='word_1_3' title='bbox 818 272 1062 397; x_wconf 79' lang='lat' dir='ltr'><strong>ANTIQ.</strong></span> <span class='ocrx_word' id='word_1_4' title='bbox 1100 262 1609 365; x_wconf 76' lang='lat' dir='ltr'><strong>NUMtsMATuM</strong></span> 
     </span>
     <span class='ocr_line' id='line_1_2' title="bbox 454 432 1440 611; baseline -0.011 -29"><span class='ocrx_word' id='word_1_5' title='bbox 454 518 621 547; x_wconf 89' lang='lat'>·······</span> <span class='ocrx_word' id='word_1_6' title='bbox 648 490 825 581; x_wconf 75' lang='lat' dir='ltr'><strong>Smis</strong></span> <span class='ocrx_word' id='word_1_7' title='bbox 842 432 959 611; x_wconf 72' lang='lat' dir='ltr'><strong>drage</strong></span> <span class='ocrx_word' id='word_1_8' title='bbox 965 492 1084 611; x_wconf 69' lang='lat' dir='ltr'><strong>petit</strong></span> <span class='ocrx_word' id='word_1_9' title='bbox 1102 515 1283 607; x_wconf 76' lang='lat' dir='ltr'><strong>aequora</strong></span> <span class='ocrx_word' id='word_1_10' title='bbox 1302 486 1440 575; x_wconf 75' lang='lat' dir='ltr'><strong>remis.</strong></span> 
     </span>
     <span class='ocr_line' id='line_1_3' title="bbox 240 708 744 829; baseline 0 -24"><span class='ocrx_word' id='word_1_11' title='bbox 240 712 286 805; x_wconf 79' lang='lat' dir='ltr'><strong>dc</strong></span> <span class='ocrx_word' id='word_1_12' title='bbox 304 710 427 803; x_wconf 87' lang='lat' dir='ltr'>Silius</span> <span class='ocrx_word' id='word_1_13' title='bbox 443 708 609 805; x_wconf 81' lang='lat' dir='ltr'><strong>Italicus</strong></span> <span class='ocrx_word' id='word_1_14' title='bbox 628 716 656 805; x_wconf 91' lang='lat'><strong>1.</strong></span> <span class='ocrx_word' id='word_1_15' title='bbox 678 746 744 829; x_wconf 87' lang='lat'><strong>14.</strong></span> 
     </span>
    </p>
   </div>
   <div class='ocr_carea' id='block_1_2' title="bbox 388 910 1504 1399">
    <p class='ocr_par' dir='ltr' id='par_1_2' title="bbox 388 910 1281 1143">
     <span class='ocr_line' id='line_1_4' title="bbox 388 910 1281 1143; baseline -0.006 -114"><span class='ocrx_word' id='word_1_16' title='bbox 388 942 540 1029; x_wconf 82' lang='lat' dir='ltr'><em>Intrat</em></span> <span class='ocrx_word' id='word_1_17' title='bbox 557 942 866 1143; x_wconf 48' lang='lat' dir='ltr'><strong>diffusassestir</strong></span> <span class='ocrx_word' id='word_1_18' title='bbox 896 910 1102 1033; x_wconf 70' lang='lat' dir='ltr'><strong>Vulcania</strong></span> <span class='ocrx_word' id='word_1_19' title='bbox 1113 940 1281 1057; x_wconf 85' lang='lat' dir='ltr'><strong>paffim,</strong></span> 
     </span>
    </p>

    <p class='ocr_par' dir='ltr' id='par_1_3' title="bbox 388 1052 1504 1399">
     <span class='ocr_line' id='line_1_5' title="bbox 388 1052 1484 1173; baseline -0.006 -30"><span class='ocrx_word' id='word_1_20' title='bbox 388 1056 535 1167; x_wconf 83' lang='lat' dir='ltr'><em>Atque</em></span> <span class='ocrx_word' id='word_1_21' title='bbox 553 1058 699 1173; x_wconf 78' lang='lat' dir='ltr'><em>implet</em></span> <span class='ocrx_word' id='word_1_22' title='bbox 745 1060 901 1173; x_wconf 78' lang='lat' dir='ltr'><strong>isparsta</strong></span> <span class='ocrx_word' id='word_1_23' title='bbox 910 1060 1055 1171; x_wconf 79' lang='lat' dir='ltr'><strong>fhras,</strong></span> <span class='ocrx_word' id='word_1_24' title='bbox 1081 1052 1327 1171; x_wconf 74' lang='lat' dir='ltr'><em>trepidatur</em></span> <span class='ocrx_word' id='word_1_25' title='bbox 1352 1052 1484 1159; x_wconf 64' lang='lat' dir='ltr'><strong>cariffi</strong></span> 
     </span>
     <span class='ocr_line' id='line_1_6' title="bbox 390 1166 1504 1287; baseline -0.002 -36"><span class='ocrx_word' id='word_1_26' title='bbox 390 1168 569 1253; x_wconf 78' lang='lat' dir='ltr'><strong>Samaeis</strong></span> <span class='ocrx_word' id='word_1_27' title='bbox 586 1169 778 1287; x_wconf 84' lang='lat' dir='ltr'><strong>remigia,</strong></span> <span class='ocrx_word' id='word_1_28' title='bbox 797 1171 880 1281; x_wconf 78' lang='lat' dir='ltr'><strong>sad</strong></span> <span class='ocrx_word' id='word_1_29' title='bbox 905 1172 1012 1257; x_wconf 81' lang='lat' dir='ltr'><strong>erim</strong></span> <span class='ocrx_word' id='word_1_30' title='bbox 1031 1188 1117 1257; x_wconf 82' lang='lat' dir='ltr'><strong>tam</strong></span> <span class='ocrx_word' id='word_1_31' title='bbox 1145 1166 1269 1253; x_wconf 81' lang='lat' dir='ltr'><strong>rebar</strong></span> <span class='ocrx_word' id='word_1_32' title='bbox 1295 1168 1342 1251; x_wconf 80' lang='lat' dir='ltr'><strong>ia</strong></span> <span class='ocrx_word' id='word_1_33' title='bbox 1368 1168 1504 1251; x_wconf 66' lang='lat' dir='ltr'><strong>ardis</strong></span> 
     </span>
     <span class='ocr_line' id='line_1_7' title="bbox 390 1278 1433 1399; baseline -0.001 -36"><span class='ocrx_word' id='word_1_34' title='bbox 390 1278 524 1366; x_wconf 80' lang='lat' dir='ltr'><strong>Fam</strong></span> <span class='ocrx_word' id='word_1_35' title='bbox 541 1284 643 1367; x_wconf 82' lang='lat' dir='ltr'><strong>mali</strong></span> <span class='ocrx_word' id='word_1_36' title='bbox 662 1284 834 1373; x_wconf 70' lang='lat' dir='ltr'><strong>nondam</strong></span> <span class='ocrx_word' id='word_1_37' title='bbox 852 1288 967 1369; x_wconf 81' lang='lat' dir='ltr'><strong>taata&#39;</strong></span> <span class='ocrx_word' id='word_1_38' title='bbox 974 1298 1228 1399; x_wconf 81' lang='lat' dir='ltr'><strong>penetrarat</strong></span> <span class='ocrx_word' id='word_1_39' title='bbox 1247 1278 1305 1365; x_wconf 86' lang='lat' dir='ltr'><strong>ad</strong></span> <span class='ocrx_word' id='word_1_40' title='bbox 1320 1280 1433 1365; x_wconf 79' lang='lat' dir='ltr'><strong>imos.</strong></span> 
     </span>
    </p>
   </div>
   <div class='ocr_carea' id='block_1_3' title="bbox 196 1494 1816 2525">
    <p class='ocr_par' dir='ltr' id='par_1_4' title="bbox 196 1494 1813 2069">
     <span class='ocr_line' id='line_1_8' title="bbox 240 1494 1811 1708; baseline -0.004 -117"><span class='ocrx_word' id='word_1_41' title='bbox 240 1500 368 1639; x_wconf 66' lang='lat' dir='ltr'><strong>[inde</strong></span> <span class='ocrx_word' id='word_1_42' title='bbox 386 1502 755 1708; x_wconf 51' lang='lat' dir='ltr'><strong>suffmosdordines</strong></span> <span class='ocrx_word' id='word_1_43' title='bbox 772 1510 894 1623; x_wconf 89' lang='lat' dir='ltr'><strong>igne,</strong></span> <span class='ocrx_word' id='word_1_44' title='bbox 921 1509 1036 1623; x_wconf 90' lang='lat' dir='ltr'><strong>prius</strong></span> <span class='ocrx_word' id='word_1_45' title='bbox 1054 1532 1183 1627; x_wconf 82' lang='lat' dir='ltr'><strong>quam</strong></span> <span class='ocrx_word' id='word_1_46' title='bbox 1201 1504 1247 1593; x_wconf 92' lang='lat' dir='ltr'><strong>id</strong></span> <span class='ocrx_word' id='word_1_47' title='bbox 1265 1504 1397 1593; x_wconf 86' lang='lat' dir='ltr'><strong>infimi</strong></span> <span class='ocrx_word' id='word_1_48' title='bbox 1422 1496 1649 1599; x_wconf 84' lang='lat' dir='ltr'><strong>rescirent,</strong></span> <span class='ocrx_word' id='word_1_49' title='bbox 1673 1494 1811 1587; x_wconf 88' lang='lat' dir='ltr'><strong>cotri-</strong></span> 
     </span>
     <span class='ocr_line' id='line_1_9' title="bbox 271 1622 1145 1719; baseline 0.011 -15"><span class='ocrx_word' id='word_1_50' title='bbox 271 1646 287 1703; x_wconf 92' lang='lat'>1</span> <span class='ocrx_word' id='word_1_51' title='bbox 364 1624 424 1707; x_wconf 91' lang='lat' dir='ltr'><strong>tu&#39;</strong></span> <span class='ocrx_word' id='word_1_52' title='bbox 458 1648 556 1719; x_wconf 86' lang='lat' dir='ltr'><strong>e,a</strong></span> <span class='ocrx_word' id='word_1_53' title='bbox 615 1644 717 1711; x_wconf 81' lang='lat' dir='ltr'><strong>aret.</strong></span> <span class='ocrx_word' id='word_1_54' title='bbox 899 1622 904 1633; x_wconf 84' lang='lat'>&#39;</span> <span class='ocrx_word' id='word_1_55' title='bbox 1135 1648 1145 1666; x_wconf 57' lang='lat'>³</span> 
     </span>
     <span class='ocr_line' id='line_1_10' title="bbox 241 1643 1810 1851; baseline -0.004 -32"><span class='ocrx_word' id='word_1_56' title='bbox 241 1643 272 1733; x_wconf 68' lang='lat' dir='ltr'><strong>p</strong></span> <span class='ocrx_word' id='word_1_57' title='bbox 305 1646 950 1851; x_wconf 49' lang='lat' dir='ltr'><strong>1aianeoaneirrataloquens,</strong></span> <span class='ocrx_word' id='word_1_58' title='bbox 977 1734 1094 1813; x_wconf 66' lang='grc' dir='ltr'><strong>αὐτῶ</strong></span> <span class='ocrx_word' id='word_1_59' title='bbox 1114 1734 1194 1831; x_wconf 86' lang='lat' dir='ltr'><strong>ait,</strong></span> <span class='ocrx_word' id='word_1_60' title='bbox 1220 1728 1285 1817; x_wconf 72' lang='lat' dir='ltr'><strong>ris</strong></span> <span class='ocrx_word' id='word_1_61' title='bbox 1300 1726 1402 1811; x_wconf 70' lang='lat' dir='ltr'><strong>arira</strong></span> <span class='ocrx_word' id='word_1_62' title='bbox 1419 1724 1549 1813; x_wconf 70' lang='lat' dir='ltr'><strong>arim</strong></span> <span class='ocrx_word' id='word_1_63' title='bbox 1564 1726 1627 1805; x_wconf 72' lang='lat' dir='ltr'><strong>toa</strong></span> <span class='ocrx_word' id='word_1_64' title='bbox 1651 1720 1713 1805; x_wconf 74' lang='lat' dir='ltr'><strong>iri</strong></span> <span class='ocrx_word' id='word_1_65' title='bbox 1740 1754 1810 1807; x_wconf 74' lang='lat' dir='ltr'><strong>aa·</strong></span> 
     </span>
     <span class='ocr_line' id='line_1_11' title="bbox 245 1836 1813 1963; baseline 0.001 -38"><span class='ocrx_word' id='word_1_66' title='bbox 245 1841 297 1925; x_wconf 71' lang='lat' dir='ltr'><strong>tv*</strong></span> <span class='ocrx_word' id='word_1_67' title='bbox 311 1840 377 1953; x_wconf 70' lang='grc' dir='ltr'><strong>ἔξω</strong></span> <span class='ocrx_word' id='word_1_68' title='bbox 397 1844 545 1949; x_wconf 69' lang='lat' dir='ltr'><strong>ixian</strong></span> <span class='ocrx_word' id='word_1_69' title='bbox 561 1854 609 1933; x_wconf 74' lang='lat' dir='ltr'><strong>at</strong></span> <span class='ocrx_word' id='word_1_70' title='bbox 634 1838 805 1951; x_wconf 63' lang='grc' dir='ltr'><strong>Ώιτθι,</strong></span> <span class='ocrx_word' id='word_1_71' title='bbox 829 1850 1025 1963; x_wconf 45' lang='lat' dir='ltr'><strong>,infimum</strong></span> <span class='ocrx_word' id='word_1_72' title='bbox 1053 1872 1268 1933; x_wconf 91' lang='lat' dir='ltr'><strong>remorum</strong></span> <span class='ocrx_word' id='word_1_73' title='bbox 1295 1842 1489 1929; x_wconf 88' lang='lat' dir='ltr'><strong>ordinem</strong></span> <span class='ocrx_word' id='word_1_74' title='bbox 1515 1864 1664 1955; x_wconf 82' lang='lat' dir='ltr'><strong>parum</strong></span> <span class='ocrx_word' id='word_1_75' title='bbox 1689 1836 1813 1955; x_wconf 83' lang='lat' dir='ltr'><strong>supra</strong></span> 
     </span>
     <span class='ocr_line' id='line_1_12' title="bbox 196 1960 644 2069; baseline 0.016 -29"><span class='ocrx_word' id='word_1_76' title='bbox 196 2000 200 2008; x_wconf 93' lang='lat'>·</span> <span class='ocrx_word' id='word_1_77' title='bbox 246 1982 398 2069; x_wconf 88' lang='lat' dir='ltr'><strong>aquam</strong></span> <span class='ocrx_word' id='word_1_78' title='bbox 417 1960 644 2049; x_wconf 81' lang='lat' dir='ltr'><strong>eminuiffe.</strong></span> 
     </span>
    </p>

    <p class='ocr_par' dir='ltr' id='par_1_5' title="bbox 246 2062 1816 2525">
     <span class='ocr_line' id='line_1_13' title="bbox 304 2062 1815 2189; baseline 0.001 -35"><span class='ocrx_word' id='word_1_79' title='bbox 304 2066 530 2159; x_wconf 86' lang='lat' dir='ltr'><strong>Variorum</strong></span> <span class='ocrx_word' id='word_1_80' title='bbox 548 2074 737 2189; x_wconf 83' lang='lat' dir='ltr'><strong>Remigii</strong></span> <span class='ocrx_word' id='word_1_81' title='bbox 754 2076 953 2163; x_wconf 87' lang='lat' dir='ltr'><strong>ordinum</strong></span> <span class='ocrx_word' id='word_1_82' title='bbox 971 2074 1128 2159; x_wconf 84' lang='lat' dir='ltr'><strong>variata</strong></span> <span class='ocrx_word' id='word_1_83' title='bbox 1144 2096 1315 2185; x_wconf 89' lang='lat' dir='ltr'><strong>quoque</strong></span> <span class='ocrx_word' id='word_1_84' title='bbox 1325 2064 1525 2179; x_wconf 85' lang='lat' dir='ltr'><strong>stipendia</strong></span> <span class='ocrx_word' id='word_1_85' title='bbox 1541 2062 1649 2151; x_wconf 90' lang='lat' dir='ltr'><strong>sunt.</strong></span> <span class='ocrx_word' id='word_1_86' title='bbox 1677 2064 1815 2155; x_wconf 63' lang='lat' dir='ltr'><strong>rura</strong></span> 
     </span>
     <span class='ocr_line' id='line_1_14' title="bbox 247 2178 1815 2301; baseline 0.001 -34"><span class='ocrx_word' id='word_1_87' title='bbox 247 2184 454 2287; x_wconf 65' lang='lat' dir='ltr'><strong>nauum,</strong></span> <span class='ocrx_word' id='word_1_88' title='bbox 483 2186 586 2275; x_wconf 82' lang='lat' dir='ltr'><strong>teste</strong></span> <span class='ocrx_word' id='word_1_89' title='bbox 605 2188 837 2301; x_wconf 82' lang='lat' dir='ltr'><strong>Thucydide</strong></span> <span class='ocrx_word' id='word_1_90' title='bbox 864 2188 911 2291; x_wconf 69' lang='lat'><strong>⁴,</strong></span> <span class='ocrx_word' id='word_1_91' title='bbox 939 2186 1072 2299; x_wconf 86' lang='lat' dir='ltr'><strong>major</strong></span> <span class='ocrx_word' id='word_1_92' title='bbox 1090 2210 1217 2299; x_wconf 85' lang='lat' dir='ltr'><strong>quam</strong></span> <span class='ocrx_word' id='word_1_93' title='bbox 1237 2202 1500 2269; x_wconf 87' lang='lat' dir='ltr'><strong>caeterorum</strong></span> <span class='ocrx_word' id='word_1_94' title='bbox 1528 2202 1691 2265; x_wconf 84' lang='lat' dir='ltr'><strong>merces</strong></span> <span class='ocrx_word' id='word_1_95' title='bbox 1708 2178 1815 2281; x_wconf 75' lang='lat' dir='ltr'><strong>fluit,</strong></span> 
     </span>
     <span class='ocr_line' id='line_1_15' title="bbox 246 2292 1816 2495; baseline 0 -114"><span class='ocrx_word' id='word_1_96' title='bbox 246 2297 345 2409; x_wconf 84' lang='lat' dir='ltr'><strong>quia</strong></span> <span class='ocrx_word' id='word_1_97' title='bbox 363 2296 540 2409; x_wconf 87' lang='lat' dir='ltr'><strong>majores</strong></span> <span class='ocrx_word' id='word_1_98' title='bbox 559 2328 698 2389; x_wconf 89' lang='lat' dir='ltr'><strong>remos</strong></span> <span class='ocrx_word' id='word_1_99' title='bbox 727 2303 1021 2389; x_wconf 77' lang='lat' dir='ltr'><strong>moliebantur.</strong></span> <span class='ocrx_word' id='word_1_100' title='bbox 1079 2298 1264 2495; x_wconf 55' lang='lat' dir='ltr'><strong>Apssiam&#39;</strong></span> <span class='ocrx_word' id='word_1_101' title='bbox 1290 2294 1318 2381; x_wconf 85' lang='lat'><strong>1.</strong></span> <span class='ocrx_word' id='word_1_102' title='bbox 1341 2322 1378 2401; x_wconf 90' lang='lat'><strong>5.</strong></span> <span class='ocrx_word' id='word_1_103' title='bbox 1400 2293 1450 2379; x_wconf 80' lang='lat' dir='ltr'><strong>de</strong></span> <span class='ocrx_word' id='word_1_104' title='bbox 1469 2292 1590 2375; x_wconf 81' lang='lat' dir='ltr'><strong>Belia</strong></span> <span class='ocrx_word' id='word_1_105' title='bbox 1607 2292 1736 2379; x_wconf 80' lang='lat' dir='ltr'><strong>civili</strong></span> <span class='ocrx_word' id='word_1_106' title='bbox 1750 2294 1816 2381; x_wconf 90' lang='lat' dir='ltr'><strong>io-</strong></span> 
     </span>
     <span class='ocr_line' id='line_1_16' title="bbox 250 2404 1815 2525; baseline 0.002 -34"><span class='ocrx_word' id='word_1_107' title='bbox 250 2434 324 2493; x_wconf 89' lang='lat' dir='ltr'><strong>cus</strong></span> <span class='ocrx_word' id='word_1_108' title='bbox 347 2408 428 2507; x_wconf 88' lang='lat' dir='ltr'><strong>cst,</strong></span> <span class='ocrx_word' id='word_1_109' title='bbox 457 2416 533 2525; x_wconf 91' lang='lat' dir='ltr'><strong>qui</strong></span> <span class='ocrx_word' id='word_1_110' title='bbox 560 2431 695 2499; x_wconf 88' lang='lat' dir='ltr'><strong>totam</strong></span> <span class='ocrx_word' id='word_1_111' title='bbox 723 2442 816 2499; x_wconf 88' lang='lat' dir='ltr'><strong>eam</strong></span> <span class='ocrx_word' id='word_1_112' title='bbox 837 2440 927 2499; x_wconf 90' lang='lat' dir='ltr'><strong>rem</strong></span> <span class='ocrx_word' id='word_1_113' title='bbox 944 2434 1062 2497; x_wconf 87' lang='lat' dir='ltr'><strong>extra</strong></span> <span class='ocrx_word' id='word_1_114' title='bbox 1091 2412 1148 2495; x_wconf 90' lang='lat' dir='ltr'><strong>du</strong></span> <span class='ocrx_word' id='word_1_115' title='bbox 1180 2414 1265 2493; x_wconf 92' lang='lat' dir='ltr'><strong>ium</strong></span> <span class='ocrx_word' id='word_1_116' title='bbox 1285 2407 1490 2505; x_wconf 86' lang='lat' dir='ltr'><strong>collocat,</strong></span> <span class='ocrx_word' id='word_1_117' title='bbox 1518 2404 1630 2489; x_wconf 89' lang='lat' dir='ltr'><strong>hunc</strong></span> <span class='ocrx_word' id='word_1_118' title='bbox 1649 2404 1743 2493; x_wconf 89' lang='lat' dir='ltr'><strong>fere</strong></span> <span class='ocrx_word' id='word_1_119' title='bbox 1769 2410 1815 2494; x_wconf 87' lang='lat' dir='ltr'><strong>in</strong></span> 
     </span>
    </p>
   </div>
   <div class='ocr_carea' id='block_1_4' title="bbox 244 2518 1819 2771">
    <p class='ocr_par' dir='ltr' id='par_1_6' title="bbox 244 2518 1819 2771">
     <span class='ocr_line' id='line_1_17' title="bbox 247 2518 1816 2641; baseline 0.002 -37"><span class='ocrx_word' id='word_1_120' title='bbox 247 2518 425 2605; x_wconf 89' lang='lat' dir='ltr'><strong>modum</strong></span> <span class='ocrx_word' id='word_1_121' title='bbox 445 2522 764 2611; x_wconf 84' lang='lat' dir='ltr'><strong>transferendus.</strong></span> <span class='ocrx_word' id='word_1_122' title='bbox 849 2584 878 2625; x_wconf 93' lang='lat'>„</span> <span class='ocrx_word' id='word_1_123' title='bbox 897 2528 1090 2641; x_wconf 83' lang='lat' dir='ltr'><strong>Agrippa</strong></span> <span class='ocrx_word' id='word_1_124' title='bbox 1108 2540 1249 2609; x_wconf 88' lang='lat' dir='ltr'><strong>autem</strong></span> <span class='ocrx_word' id='word_1_125' title='bbox 1275 2522 1416 2609; x_wconf 88' lang='lat' dir='ltr'><strong>navim</strong></span> <span class='ocrx_word' id='word_1_126' title='bbox 1435 2518 1625 2633; x_wconf 78' lang='lat' dir='ltr'><strong>Pappiae</strong></span> <span class='ocrx_word' id='word_1_127' title='bbox 1641 2518 1816 2633; x_wconf 86' lang='lat' dir='ltr'><strong>petebat</strong></span> 
     </span>
     <span class='ocr_line' id='line_1_18' title="bbox 244 2626 1819 2771; baseline 0.002 -51"><span class='ocrx_word' id='word_1_128' title='bbox 244 2686 275 2733; x_wconf 86' lang='lat'>„</span> <span class='ocrx_word' id='word_1_129' title='bbox 305 2636 509 2735; x_wconf 82' lang='lat' dir='ltr'><strong>maxime,</strong></span> <span class='ocrx_word' id='word_1_130' title='bbox 535 2638 749 2771; x_wconf 37' lang='lat' dir='ltr'><strong>ictamqu&#39;e</strong></span> <span class='ocrx_word' id='word_1_131' title='bbox 776 2638 889 2725; x_wconf 84' lang='lat' dir='ltr'><strong>circa</strong></span> <span class='ocrx_word' id='word_1_132' title='bbox 916 2664 1106 2751; x_wconf 85' lang='lat' dir='ltr'><strong>proram,</strong></span> <span class='ocrx_word' id='word_1_133' title='bbox 1137 2636 1181 2723; x_wconf 87' lang='lat'>&amp;</span> <span class='ocrx_word' id='word_1_134' title='bbox 1208 2632 1447 2721; x_wconf 82' lang='lat' dir='ltr'><strong>concuffam</strong></span> <span class='ocrx_word' id='word_1_135' title='bbox 1465 2626 1667 2745; x_wconf 78' lang='lat' dir='ltr'><strong>perfregit</strong></span> <span class='ocrx_word' id='word_1_136' title='bbox 1685 2634 1819 2751; x_wconf 82' lang='lat' dir='ltr'><strong>usque</strong></span> 
     </span>
    </p>
   </div>
   <div class='ocr_carea' id='block_1_5' title="bbox 102 2742 1892 4541">
    <p class='ocr_par' dir='ltr' id='par_1_7' title="bbox 102 2742 1892 4541">
     <span class='ocr_line' id='line_1_19' title="bbox 248 2742 1818 2867; baseline 0.002 -34"><span class='ocrx_word' id='word_1_137' title='bbox 248 2800 280 2848; x_wconf 92' lang='lat'><strong>„</strong></span> <span class='ocrx_word' id='word_1_138' title='bbox 306 2744 360 2833; x_wconf 87' lang='lat' dir='ltr'><strong>ad</strong></span> <span class='ocrx_word' id='word_1_139' title='bbox 389 2750 594 2836; x_wconf 84' lang='lat' dir='ltr'><strong>carinam:</strong></span> <span class='ocrx_word' id='word_1_140' title='bbox 624 2780 698 2867; x_wconf 83' lang='lat' dir='ltr'><strong>qur</strong></span> <span class='ocrx_word' id='word_1_141' title='bbox 717 2778 761 2837; x_wconf 90' lang='lat' dir='ltr'><strong>m</strong></span> <span class='ocrx_word' id='word_1_142' title='bbox 780 2750 868 2865; x_wconf 88' lang='lat' dir='ltr'><strong>ejus</strong></span> <span class='ocrx_word' id='word_1_143' title='bbox 886 2748 1069 2839; x_wconf 90' lang='lat' dir='ltr'><strong>turribus</strong></span> <span class='ocrx_word' id='word_1_144' title='bbox 1088 2748 1140 2835; x_wconf 88' lang='lat' dir='ltr'><strong>ad</strong></span> <span class='ocrx_word' id='word_1_145' title='bbox 1160 2746 1510 2863; x_wconf 86' lang='lat' dir='ltr'><strong>propugnandum</strong></span> <span class='ocrx_word' id='word_1_146' title='bbox 1528 2742 1818 2849; x_wconf 83' lang='lat' dir='ltr'><strong>constiterant,</strong></span> 
     </span>
     <span class='ocr_line' id='line_1_20' title="bbox 249 2858 1817 2965; baseline 0.003 -18"><span class='ocrx_word' id='word_1_147' title='bbox 249 2912 279 2959; x_wconf 89' lang='lat'><strong>‚,</strong></span> <span class='ocrx_word' id='word_1_148' title='bbox 306 2860 465 2949; x_wconf 87' lang='lat' dir='ltr'><strong>excussi</strong></span> <span class='ocrx_word' id='word_1_149' title='bbox 483 2862 603 2965; x_wconf 68' lang='lat' dir='ltr'><strong>sunt,</strong></span> <span class='ocrx_word' id='word_1_150' title='bbox 634 2865 812 2952; x_wconf 86' lang='lat' dir='ltr'><strong>marein</strong></span> <span class='ocrx_word' id='word_1_151' title='bbox 831 2890 981 2953; x_wconf 88' lang='lat' dir='ltr'><strong>navem</strong></span> <span class='ocrx_word' id='word_1_152' title='bbox 998 2860 1215 2951; x_wconf 80' lang='lat' dir='ltr'><strong>admiiium</strong></span> <span class='ocrx_word' id='word_1_153' title='bbox 1234 2860 1376 2949; x_wconf 92' lang='lat' dir='ltr'><strong>obruit</strong></span> <span class='ocrx_word' id='word_1_154' title='bbox 1394 2858 1627 2946; x_wconf 85' lang='lat' dir='ltr'><strong>thalamitas</strong></span> <span class='ocrx_word' id='word_1_155' title='bbox 1643 2884 1817 2961; x_wconf 84' lang='lat' dir='ltr'><strong>omnes,</strong></span> 
     </span>
     <span class='ocr_line' id='line_1_21' title="bbox 251 2970 1818 3087; baseline 0.002 -29"><span class='ocrx_word' id='word_1_156' title='bbox 251 2975 457 3087; x_wconf 88' lang='lat' dir='ltr'><strong>„reliqui</strong></span> <span class='ocrx_word' id='word_1_157' title='bbox 484 2974 694 3087; x_wconf 71' lang='lat' dir='ltr'><strong>perfraflo</strong></span> <span class='ocrx_word' id='word_1_158' title='bbox 722 2976 908 3066; x_wconf 85' lang='lat' dir='ltr'><strong>tabulato</strong></span> <span class='ocrx_word' id='word_1_159' title='bbox 936 3000 1078 3065; x_wconf 85' lang='lat' dir='ltr'><strong>natatu</strong></span> <span class='ocrx_word' id='word_1_160' title='bbox 1097 2974 1353 3079; x_wconf 54' lang='lat' dir='ltr'><strong>evaserunt&amp;</strong></span> <span class='ocrx_word' id='word_1_161' title='bbox 1410 2970 1470 3059; x_wconf 83' lang='lat' dir='ltr'><strong>Ita</strong></span> <span class='ocrx_word' id='word_1_162' title='bbox 1489 2973 1818 3061; x_wconf 64' lang='lat' dir='ltr'><strong>exsatiatura</strong></span> 
     </span>
     <span class='ocr_line' id='line_1_22' title="bbox 251 3082 1813 3203; baseline 0.004 -34"><span class='ocrx_word' id='word_1_163' title='bbox 251 3112 297 3169; x_wconf 90' lang='lat' dir='ltr'><strong>co</strong></span> <span class='ocrx_word' id='word_1_164' title='bbox 322 3084 457 3199; x_wconf 72' lang='lat' dir='ltr'><strong>{upra-</strong></span> <span class='ocrx_word' id='word_1_165' title='bbox 471 3090 605 3173; x_wconf 88' lang='lat' dir='ltr'><strong>citato</strong></span> <span class='ocrx_word' id='word_1_166' title='bbox 633 3090 829 3203; x_wconf 77' lang='lat' dir='ltr'><strong>adparet,</strong></span> <span class='ocrx_word' id='word_1_167' title='bbox 867 3094 967 3203; x_wconf 86' lang='lat' dir='ltr'><strong>igne</strong></span> <span class='ocrx_word' id='word_1_168' title='bbox 995 3112 1191 3201; x_wconf 86' lang='lat' dir='ltr'><strong>correpta</strong></span> <span class='ocrx_word' id='word_1_169' title='bbox 1220 3090 1338 3185; x_wconf 86' lang='lat' dir='ltr'><strong>navi,</strong></span> <span class='ocrx_word' id='word_1_170' title='bbox 1374 3082 1677 3171; x_wconf 81' lang='lat' dir='ltr'><strong>Thraaitarara</strong></span> <span class='ocrx_word' id='word_1_171' title='bbox 1696 3084 1813 3175; x_wconf 81' lang='lat' dir='ltr'><strong>sutu-</strong></span> 
     </span>
     <span class='ocr_line' id='line_1_23' title="bbox 253 3198 1830 3317; baseline 0.004 -34"><span class='ocrx_word' id='word_1_172' title='bbox 253 3222 372 3283; x_wconf 86' lang='lat' dir='ltr'><strong>mum</strong></span> <span class='ocrx_word' id='word_1_173' title='bbox 395 3223 498 3313; x_wconf 86' lang='lat' dir='ltr'><strong>prae</strong></span> <span class='ocrx_word' id='word_1_174' title='bbox 525 3203 695 3315; x_wconf 86' lang='lat' dir='ltr'><strong>reliquis</strong></span> <span class='ocrx_word' id='word_1_175' title='bbox 722 3206 957 3317; x_wconf 90' lang='lat' dir='ltr'><strong>periculum</strong></span> <span class='ocrx_word' id='word_1_176' title='bbox 984 3200 1127 3299; x_wconf 83' lang='lat' dir='ltr'><strong>fuiffc;</strong></span> <span class='ocrx_word' id='word_1_177' title='bbox 1167 3228 1222 3287; x_wconf 82' lang='lat' dir='ltr'><strong>ex</strong></span> <span class='ocrx_word' id='word_1_178' title='bbox 1251 3202 1439 3315; x_wconf 81' lang='lat' dir='ltr'><strong>Appiana</strong></span> <span class='ocrx_word' id='word_1_179' title='bbox 1459 3225 1562 3285; x_wconf 85' lang='lat' dir='ltr'><strong>vero</strong></span> <span class='ocrx_word' id='word_1_180' title='bbox 1581 3198 1723 3287; x_wconf 84' lang='lat' dir='ltr'><strong>elucet</strong></span> <span class='ocrx_word' id='word_1_181' title='bbox 1739 3198 1830 3289; x_wconf 80' lang='lat' dir='ltr'><strong>dc-&#39;</strong></span> 
     </span>
     <span class='ocr_line' id='line_1_24' title="bbox 253 3308 1618 3429; baseline -0.001 -31"><span class='ocrx_word' id='word_1_182' title='bbox 253 3308 387 3398; x_wconf 85' lang='lat' dir='ltr'><strong>mersa</strong></span> <span class='ocrx_word' id='word_1_183' title='bbox 404 3312 501 3397; x_wconf 89' lang='lat' dir='ltr'><strong>navi</strong></span> <span class='ocrx_word' id='word_1_184' title='bbox 510 3310 769 3401; x_wconf 76' lang='lat' dir='ltr'><strong>Thalamiras</strong></span> <span class='ocrx_word' id='word_1_185' title='bbox 784 3314 972 3429; x_wconf 82' lang='lat' dir='ltr'><strong>periiffc,</strong></span> <span class='ocrx_word' id='word_1_186' title='bbox 998 3314 1230 3401; x_wconf 83' lang='lat' dir='ltr'><strong>Thraaitas</strong></span> <span class='ocrx_word' id='word_1_187' title='bbox 1247 3311 1430 3401; x_wconf 80' lang='lat' dir='ltr'><strong>natando</strong></span> <span class='ocrx_word' id='word_1_188' title='bbox 1441 3308 1618 3399; x_wconf 78' lang='lat' dir='ltr'><strong>evasriie.</strong></span> 
     </span>
     <span class='ocr_line' id='line_1_25' title="bbox 310 3422 1819 3535; baseline 0.003 -24"><span class='ocrx_word' id='word_1_189' title='bbox 310 3426 551 3535; x_wconf 76' lang='lat' dir='ltr'><strong>Pausanias</strong></span> <span class='ocrx_word' id='word_1_190' title='bbox 584 3429 629 3514; x_wconf 90' lang='lat' dir='ltr'><strong>in</strong></span> <span class='ocrx_word' id='word_1_191' title='bbox 657 3427 845 3529; x_wconf 81' lang='lat' dir='ltr'><strong>Atticis,</strong></span> <span class='ocrx_word' id='word_1_192' title='bbox 868 3432 1106 3525; x_wconf 78' lang='lat' dir='ltr'><strong>Deliacam</strong></span> <span class='ocrx_word' id='word_1_193' title='bbox 1141 3430 1283 3513; x_wconf 87' lang='lat' dir='ltr'><strong>navim</strong></span> <span class='ocrx_word' id='word_1_194' title='bbox 1320 3422 1661 3514; x_wconf 85' lang='lat' dir='ltr'><strong>acatastromate</strong></span> <span class='ocrx_word' id='word_1_195' title='bbox 1697 3424 1755 3513; x_wconf 81' lang='lat' dir='ltr'><strong>ad</strong></span> <span class='ocrx_word' id='word_1_196' title='bbox 1781 3430 1819 3515; x_wconf 91' lang='lat' dir='ltr'><strong>i·</strong></span> 
     </span>
     <span class='ocr_line' id='line_1_26' title="bbox 102 3538 1891 3657; baseline -0.001 -30"><span class='ocrx_word' id='word_1_197' title='bbox 102 3628 109 3641; x_wconf 83' lang='grc'>,</span> <span class='ocrx_word' id='word_1_198' title='bbox 254 3562 372 3627; x_wconf 87' lang='lat' dir='ltr'><strong>mum</strong></span> <span class='ocrx_word' id='word_1_199' title='bbox 390 3566 523 3657; x_wconf 88' lang='lat' dir='ltr'><strong>usque</strong></span> <span class='ocrx_word' id='word_1_200' title='bbox 542 3568 757 3629; x_wconf 89' lang='lat' dir='ltr'><strong>remorum</strong></span> <span class='ocrx_word' id='word_1_201' title='bbox 778 3570 932 3631; x_wconf 80' lang='lat' dir='ltr'><strong>novem</strong></span> <span class='ocrx_word' id='word_1_202' title='bbox 954 3544 1122 3629; x_wconf 86' lang='lat' dir='ltr'><strong>ordines</strong></span> <span class='ocrx_word' id='word_1_203' title='bbox 1140 3538 1322 3627; x_wconf 82' lang='lat' dir='ltr'><strong>habuiffe</strong></span> <span class='ocrx_word' id='word_1_204' title='bbox 1349 3540 1529 3655; x_wconf 89' lang='lat' dir='ltr'><strong>reliquit.</strong></span> <span class='ocrx_word' id='word_1_205' title='bbox 1857 3584 1867 3657; x_wconf 49' lang='grc' dir='ltr'>γ</span> <span class='ocrx_word' id='word_1_206' title='bbox 1889 3608 1891 3653; x_wconf 92' lang='lat'>:</span> 
     </span>
     <span class='ocr_line' id='line_1_27' title="bbox 313 3614 1892 3771; baseline 0.003 -38"><span class='ocrx_word' id='word_1_207' title='bbox 313 3652 546 3737; x_wconf 72' lang='lat' dir='ltr'><strong>Memnonis</strong></span> <span class='ocrx_word' id='word_1_208' title='bbox 572 3654 714 3757; x_wconf 87' lang='lat' dir='ltr'><strong>locus,</strong></span> <span class='ocrx_word' id='word_1_209' title='bbox 755 3684 883 3771; x_wconf 89' lang='lat' dir='ltr'><strong>quem</strong></span> <span class='ocrx_word' id='word_1_210' title='bbox 909 3660 1151 3743; x_wconf 81' lang='lat' dir='ltr'><strong>Palmarias</strong></span> <span class='ocrx_word' id='word_1_211' title='bbox 1179 3654 1386 3741; x_wconf 87' lang='lat' dir='ltr'><strong>retulit&amp;</strong></span> <span class='ocrx_word' id='word_1_212' title='bbox 1416 3656 1714 3767; x_wconf 79' lang='lat' dir='ltr'><strong>interpretatus</strong></span> <span class='ocrx_word' id='word_1_213' title='bbox 1734 3648 1818 3770; x_wconf 73' lang='lat' dir='ltr'><strong>eit,</strong></span> <span class='ocrx_word' id='word_1_214' title='bbox 1851 3614 1892 3749; x_wconf 67' lang='lat' dir='ltr'><strong>i</strong></span> 
     </span>
     <span class='ocr_line' id='line_1_28' title="bbox 255 3760 1822 3883; baseline 0.004 -36"><span class='ocrx_word' id='word_1_215' title='bbox 255 3762 315 3847; x_wconf 81' lang='lat' dir='ltr'><strong>itt</strong></span> <span class='ocrx_word' id='word_1_216' title='bbox 329 3760 372 3847; x_wconf 88' lang='lat' dir='ltr'><strong>se</strong></span> <span class='ocrx_word' id='word_1_217' title='bbox 400 3762 550 3867; x_wconf 82' lang='lat' dir='ltr'><strong>habet,</strong></span> <span class='ocrx_word' id='word_1_218' title='bbox 576 3822 606 3867; x_wconf 93' lang='lat'>„</span> <span class='ocrx_word' id='word_1_219' title='bbox 624 3768 927 3883; x_wconf 84' lang='lat' dir='ltr'><strong>Leontapharas</strong></span> <span class='ocrx_word' id='word_1_220' title='bbox 946 3772 988 3855; x_wconf 86' lang='lat'>&amp;</span> <span class='ocrx_word' id='word_1_221' title='bbox 1009 3768 1296 3881; x_wconf 84' lang='lat' dir='ltr'><strong>magnitudine</strong></span> <span class='ocrx_word' id='word_1_222' title='bbox 1315 3774 1356 3851; x_wconf 74' lang='grc' dir='ltr'><strong>ὅτ</strong></span> <span class='ocrx_word' id='word_1_223' title='bbox 1374 3766 1685 3883; x_wconf 88' lang='lat' dir='ltr'><strong>pulchritudine</strong></span> <span class='ocrx_word' id='word_1_224' title='bbox 1694 3764 1822 3853; x_wconf 85' lang='lat' dir='ltr'><strong>mira-</strong></span> 
     </span>
     <span class='ocr_line' id='line_1_29' title="bbox 255 3872 1822 3993; baseline 0.006 -32"><span class='ocrx_word' id='word_1_225' title='bbox 255 3932 285 3979; x_wconf 91' lang='lat'>„</span> <span class='ocrx_word' id='word_1_226' title='bbox 311 3872 385 3961; x_wconf 86' lang='lat' dir='ltr'><strong>biii</strong></span> <span class='ocrx_word' id='word_1_227' title='bbox 413 3895 526 3963; x_wconf 85' lang='lat' dir='ltr'><strong>erat:</strong></span> <span class='ocrx_word' id='word_1_228' title='bbox 554 3876 790 3969; x_wconf 88' lang='lat' dir='ltr'><strong>Remorum</strong></span> <span class='ocrx_word' id='word_1_229' title='bbox 821 3882 918 3971; x_wconf 72' lang='lat' dir='ltr'><strong>otio</strong></span> <span class='ocrx_word' id='word_1_230' title='bbox 955 3881 1148 3983; x_wconf 88' lang='lat' dir='ltr'><strong>ordines,</strong></span> <span class='ocrx_word' id='word_1_231' title='bbox 1180 3884 1361 3993; x_wconf 85' lang='lat' dir='ltr'><strong>remiges</strong></span> <span class='ocrx_word' id='word_1_232' title='bbox 1397 3878 1564 3991; x_wconf 76' lang='lat' dir='ltr'><strong>singulis</strong></span> <span class='ocrx_word' id='word_1_233' title='bbox 1601 3876 1822 3970; x_wconf 77' lang='lat' dir='ltr'><strong>ordinibus</strong></span> 
     </span>
     <span class='ocr_line' id='line_1_30' title="bbox 254 3986 1832 4113; baseline 0.005 -38"><span class='ocrx_word' id='word_1_234' title='bbox 254 4048 285 4092; x_wconf 90' lang='lat'>„</span> <span class='ocrx_word' id='word_1_235' title='bbox 316 3990 602 4103; x_wconf 73' lang='lat' dir='ltr'><strong>ottingentos,</strong></span> <span class='ocrx_word' id='word_1_236' title='bbox 631 3994 823 4113; x_wconf 87' lang='lat' dir='ltr'><strong>adeoque</strong></span> <span class='ocrx_word' id='word_1_237' title='bbox 857 4004 966 4083; x_wconf 84' lang='lat'>1600</span> <span class='ocrx_word' id='word_1_238' title='bbox 985 3998 1027 4081; x_wconf 91' lang='lat' dir='ltr'><strong>in</strong></span> <span class='ocrx_word' id='word_1_239' title='bbox 1044 3994 1282 4082; x_wconf 82' lang='lat' dir='ltr'><strong>uniuersum</strong></span> <span class='ocrx_word' id='word_1_240' title='bbox 1303 3992 1484 4081; x_wconf 87' lang='lat' dir='ltr'><strong>habuit”.</strong></span> <span class='ocrx_word' id='word_1_241' title='bbox 1568 3986 1653 4079; x_wconf 88' lang='lat' dir='ltr'><strong>His</strong></span> <span class='ocrx_word' id='word_1_242' title='bbox 1681 3988 1832 4083; x_wconf 81' lang='lat' dir='ltr'><strong>finili·-</strong></span> 
     </span>
     <span class='ocr_line' id='line_1_31' title="bbox 258 4102 1825 4209; baseline 0.004 -21"><span class='ocrx_word' id='word_1_243' title='bbox 258 4102 388 4189; x_wconf 87' lang='lat' dir='ltr'><strong>busve</strong></span> <span class='ocrx_word' id='word_1_244' title='bbox 405 4106 510 4191; x_wconf 92' lang='lat' dir='ltr'><strong>locis</strong></span> <span class='ocrx_word' id='word_1_245' title='bbox 526 4106 706 4208; x_wconf 74' lang='lat' dir='ltr'><strong>indueii,</strong></span> <span class='ocrx_word' id='word_1_246' title='bbox 738 4114 889 4197; x_wconf 85' lang='lat' dir='ltr'><strong>acriter</strong></span> <span class='ocrx_word' id='word_1_247' title='bbox 908 4112 1017 4197; x_wconf 88' lang='lat' dir='ltr'><strong>inter</strong></span> <span class='ocrx_word' id='word_1_248' title='bbox 1036 4108 1078 4196; x_wconf 91' lang='lat' dir='ltr'><strong>se</strong></span> <span class='ocrx_word' id='word_1_249' title='bbox 1098 4110 1269 4209; x_wconf 84' lang='lat' dir='ltr'><strong>litterati</strong></span> <span class='ocrx_word' id='word_1_250' title='bbox 1289 4108 1581 4205; x_wconf 87' lang='lat' dir='ltr'><strong>decertarunt,</strong></span> <span class='ocrx_word' id='word_1_251' title='bbox 1609 4130 1662 4193; x_wconf 87' lang='lat' dir='ltr'><strong>an</strong></span> <span class='ocrx_word' id='word_1_252' title='bbox 1689 4110 1825 4195; x_wconf 79' lang='lat' dir='ltr'><strong>maxi·</strong></span> 
     </span>
     <span class='ocr_line' id='line_1_32' title="bbox 239 4218 1824 4337; baseline 0.007 -36"><span class='ocrx_word' id='word_1_253' title='bbox 239 4218 337 4301; x_wconf 83' lang='lat' dir='ltr'><strong>mis</strong></span> <span class='ocrx_word' id='word_1_254' title='bbox 363 4218 488 4305; x_wconf 89' lang='lat' dir='ltr'><strong>remis</strong></span> <span class='ocrx_word' id='word_1_255' title='bbox 515 4220 714 4333; x_wconf 79' lang='lat' dir='ltr'><strong>singulos,</strong></span> <span class='ocrx_word' id='word_1_256' title='bbox 744 4244 815 4311; x_wconf 85' lang='lat' dir='ltr'><strong>aut</strong></span> <span class='ocrx_word' id='word_1_257' title='bbox 843 4223 981 4337; x_wconf 82' lang='lat' dir='ltr'><strong>plures</strong></span> <span class='ocrx_word' id='word_1_258' title='bbox 1007 4224 1188 4333; x_wconf 85' lang='lat' dir='ltr'><strong>remiges</strong></span> <span class='ocrx_word' id='word_1_259' title='bbox 1216 4220 1507 4337; x_wconf 86' lang='lat' dir='ltr'><strong>adposuerint,</strong></span> <span class='ocrx_word' id='word_1_260' title='bbox 1535 4246 1634 4309; x_wconf 89' lang='lat' dir='ltr'><strong>cum</strong></span> <span class='ocrx_word' id='word_1_261' title='bbox 1663 4238 1824 4311; x_wconf 81' lang='lat' dir='ltr'><strong>tantam</strong></span> 
     </span>
     <span class='ocr_line' id='line_1_33' title="bbox 258 4332 1806 4541; baseline 0.002 -122"><span class='ocrx_word' id='word_1_262' title='bbox 258 4332 418 4419; x_wconf 89' lang='lat' dir='ltr'><strong>molem</strong></span> <span class='ocrx_word' id='word_1_263' title='bbox 434 4358 541 4421; x_wconf 87' lang='lat' dir='ltr'><strong>unus</strong></span> <span class='ocrx_word' id='word_1_264' title='bbox 558 4332 689 4425; x_wconf 90' lang='lat' dir='ltr'><strong>homo</strong></span> <span class='ocrx_word' id='word_1_265' title='bbox 707 4338 847 4425; x_wconf 86' lang='lat' dir='ltr'><strong>moliri</strong></span> <span class='ocrx_word' id='word_1_266' title='bbox 863 4334 977 4453; x_wconf 81' lang='lat' dir='ltr'><strong>poffe</strong></span> <span class='ocrx_word' id='word_1_267' title='bbox 997 4337 1069 4427; x_wconf 85' lang='lat' dir='ltr'><strong>vix</strong></span> <span class='ocrx_word' id='word_1_268' title='bbox 1086 4336 1291 4429; x_wconf 84' lang='lat' dir='ltr'><strong>videatur.</strong></span> <span class='ocrx_word' id='word_1_269' title='bbox 1510 4418 1513 4423; x_wconf 86' lang='grc'><em>,</em></span> <span class='ocrx_word' id='word_1_270' title='bbox 1698 4440 1806 4541; x_wconf 59' lang='grc' dir='ltr'><strong><em>Π</em></strong></span> 
     </span>
     <span class='ocr_line' id='line_1_34' title="bbox 856 4476 1826 4532; baseline -0.006 -7"><span class='ocrx_word' id='word_1_271' title='bbox 856 4516 861 4525; x_wconf 91' lang='grc'>.</span> <span class='ocrx_word' id='word_1_272' title='bbox 1736 4476 1763 4532; x_wconf 69' lang='grc' dir='ltr'><strong><em>ι</em></strong></span> <span class='ocrx_word' id='word_1_273' title='bbox 1805 4496 1826 4519; x_wconf 85' lang='grc'>.</span> 
     </span>
    </p>
   </div>
   <div class='ocr_carea' id='block_1_6' title="bbox 298 4610 624 4697">
    <p class='ocr_par' dir='ltr' id='par_1_8' title="bbox 298 4610 624 4697">
     <span class='ocr_line' id='line_1_35' title="bbox 298 4610 624 4697; baseline 0.006 -16"><span class='ocrx_word' id='word_1_274' title='bbox 298 4616 314 4661; x_wconf 80' lang='lat'>⁸</span> <span class='ocrx_word' id='word_1_275' title='bbox 331 4616 518 4697; x_wconf 72' lang='lat' dir='ltr'><strong>Thucydides</strong></span> <span class='ocrx_word' id='word_1_276' title='bbox 531 4610 583 4681; x_wconf 73' lang='lat' dir='ltr'><strong>tibi</strong></span> <span class='ocrx_word' id='word_1_277' title='bbox 595 4624 624 4683; x_wconf 73' lang='lat'><strong>6.</strong></span> 
     </span>
    </p>
   </div>
   <div class='ocr_carea' id='block_1_7' title="bbox 0 0 2103 5646">
    <p class='ocr_par' dir='ltr' id='par_1_9' title="bbox 0 0 2103 5646">
     <span class='ocr_line' id='line_1_36' title="bbox 0 0 2103 5646; baseline 0 0"><span class='ocrx_word' id='word_1_278' title='bbox 0 0 2103 5646; x_wconf 95' lang='lat' dir='ltr'><strong> </strong></span> 
     </span>
    </p>
   </div>
  </div>
 </body>
</html>
