4140 5646
441 301 984 405 mansurarum
1025 253 1120 396 ur
1157 304 1577 411 nonnarum
1731 348 1820 430 ω

243 550 393 618 tamen
411 523 547 640 ipsum
566 524 787 612 Suetonius
802 522 965 611 nonnisi
983 525 1198 638 augendae
1227 524 1402 615 staturae
1432 532 1564 641 gratia
1582 526 1737 618 sadum
1758 560 1821 618 es·

247 645 291 733 se
310 641 522 729 asseverat.
606 640 895 727 calceamenti
922 638 1063 754 postea
1092 644 1294 727 Romanos
1321 642 1434 757 quasr
1453 643 1659 757 quaedam
1686 645 1820 732 rabies

248 756 420 856 invasit,
447 782 534 870 quo
563 751 717 841 sadum
747 751 828 853 est,
865 774 912 839 ut
940 753 1059 839 solita
1089 756 1281 841 colorum
1310 759 1512 842 uarietate
1540 760 1653 844 viros
1682 760 1836 863 Aures

247 874 389 959 Barrus
407 871 561 979 Caesar
577 868 869 967 interdixerit,
898 866 985 977 ejus
1015 864 1101 978 usu'
1115 868 1210 956 solis
1239 868 1406 956 feminis
1434 869 1594 959 resisto.
1653 864 1821 961 Praeci-

212 1090 215 1095 .
245 1010 380 1187 puum
399 1010 502 1071 vero
521 983 666 1100 luxum
684 985 728 1067 in
747 980 940 1068 Gemmis
957 982 1000 1068 os
1021 980 1262 1094 Margaritis
1281 983 1517 1096 ponebant,
1545 1005 1695 1101 utpote
1726 988 1820 1102 qui·

278 1126 327 1185 us
353 1097 516 1184 calceos
544 1100 778 1206 variegatos
806 1094 1016 1205 legimus,
1044 1123 1192 1183 verum
1221 1124 1319 1181 eum
1338 1096 1471 1211 ipsum
1499 1120 1717 1198 ornatum,
1746 1100 1821 1186 nist

242 1212 375 1299 certis
393 1207 647 1308 Ordinibus,
686 1208 985 1322 Heliogabalus
1012 1209 1182 1295 ademit.
1253 1208 1419 1320 Vulgus
1444 1232 1600 1324 perone
1618 1210 1820 1298 indueba-

246 1344 341 1425 tur,
369 1350 423 1410 ex
434 1325 553 1407 corio
563 1321 698 1407 crudo
710 1324 899 1410 consuto.
962 1323 1183 1432 ‘Phaecafio
1204 1322 1441 1411 sacerdotes
1461 1327 1571 1408 inter
1590 1323 1822 1410 sacrifican-

244 1436 349 1521 dum
368 1434 615 1536 utebantur,
645 1433 747 1521 teste
767 1438 958 1633 Appiano
978 1438 1281 1523 Alexandrino.
1369 1437 1463 1523 Ccli
1490 1466 1538 1535 a,
1576 1438 1717 1521 militis
1737 1439 1821 1523 cal·

244 1569 536 1646 ceamentum,
566 1546 802 1633 crassrlsrma
839 1550 953 1648 olea,
984 1553 1186 1636 coriaceis
1204 1467 1571 1661 ligamentissbpra
1582 1550 1820 1661 aperturam

237 1658 498 1749 firmabatur.
555 1660 862 1773 Imperatorum
881 1661 1104 1748 castrenses
1125 1664 1289 1748 calceos
1322 1665 1364 1747 &
1395 1662 1684 1760 tribunorum,
1715 1693 1821 1747 carn-
1936 1691 1945 1710 ·

233 1795 371 1891 pagos
388 1776 670 1861 nominarunt.
729 1772 998 1861 Feminarum
1011 1779 1148 1885 soleae
1168 1776 1240 1863 seu
1261 1776 1474 1889 crepidae,
1504 1777 1577 1859 vix
1596 1774 1725 1859 imam
1749 1802 1823 1888 pe·

180 1976 183 1981 .
245 1888 310 1977 dis
328 1908 490 2002 partem
512 1886 723 1999 tegebant.
780 1889 924 1974 Locus
945 1888 1003 1974 est
1023 1888 1132 2000 apud
1155 1891 1387 1977 Ciceronem
1408 1888 1456 1973 de
1475 1889 1746 1987 Inventione,
1769 1916 1824 1976 ex

237 2030 333 2117 quo
362 2004 443 2087 reis
472 2001 633 2113 ligneos
663 2002 850 2099 calceos,
890 2030 944 2088 ne
973 2002 1080 2088 clam
1111 2030 1281 2089 carcere
1311 1999 1571 2113 effugerent,
1600 2002 1718 2087 datos
1740 1998 1822 2089 esse

241 2114 505 2224 conjicimus
565 2115 728 2199 Soccum
748 2113 866 2229 quod
886 2117 1058 2214 attinet,
1089 2144 1176 2231 quo
1196 2114 1394 2203 comoedi
1405 2113 1681 2213 incedebant,
1711 2117 1820 2197 inter

244 2230 434 2315 calceum
456 2226 499 2313 δι
522 2226 662 2313 tibiale
692 2228 882 2313 medium
908 2231 1051 2313 locum
1080 2228 1254 2316 tenuisse
1283 2229 1494 2315 videntur.
1583 2228 1822 2312 Collsarans

241 2343 455 2455 tragoedis
485 2343 529 2427 in
570 2341 645 2427 usu
674 2340 782 2443 suit,
821 2344 977 2457 quippe
1007 2346 1081 2455 qui
1111 2344 1231 2427 altius
1271 2341 1417 2428 soleati
1457 2341 1596 2426 herois
1627 2340 1824 2425 staturam

243 2456 435 2568 augebat.
495 2456 673 2554 Boline,
702 2456 813 2541 aliud
834 2458 1069 2542 ornamenti
1090 2483 1243 2567 genus,
1272 2454 1734 2563 nobilemjuventutem
1754 2480 1823 2537 or·

242 2569 422 2670 nabent,
451 2597 609 2682 eaeque
629 2570 696 2655 vel
716 2568 946 2670 rotundae,
978 2569 1044 2654 vel
1055 2573 1097 2653 in
1109 2570 1252 2657 cordis
1273 2570 1454 2681 speciem
1485 2588 1699 2665 tornatae,
1730 2592 1821 2650 cer·

241 2682 351 2781 vici,
382 2685 519 2768 crucis
549 2681 834 2768 adamantinae
854 2682 999 2781 instar,
1038 2680 1505 2793 circumpendebantur.
1594 2679 1819 2765 Caesarum

240 2794 386 2926 postea
405 2794 449 2878 δι
467 2794 676 2907 Paparum
695 2793 992 2908 diplomatibus
1011 2792 1212 2906 appensae
1233 2851 1247 2891 ,
1276 2792 1430 2879 eodem
1458 2796 1628 2876 nomine
1648 2787 1821 2875 decreta
1936 2871 1941 2881 ,

240 2907 328 3020 rpsa
348 2906 624 2991 donaverunt.
1068 2912 1071 2917 ’

302 3019 579 3132 Reipublicae
590 3016 1067 3134 Romanaesequioribus
1079 3016 1337 3131 temporibus
1348 3007 1821 3131 pidurae&suffimen-

244 3132 296 3222 tis
315 3154 495 3261 uterque
513 3130 911 3234 sexusstudebat,&
930 3132 1043 3218 circa
1062 3133 1250 3244 capillitii
1269 3133 1430 3217 cultum
1451 3127 1818 3224 morosrorevasrt3

245 3274 352 3362 quos
372 3246 634 3333 efleminatos
663 3272 803 3331 mores
832 3244 919 3357 ejus
948 3249 1093 3332 aetatis
1123 3244 1392 3359 Philosophi,
1423 3242 1651 3343 Historici,
1681 3241 1726 3327 dc
1749 3238 1820 3324 Sa·

248 3358 373 3474 tyrici
400 3362 546 3473 quavis
575 3361 683 3445 linea
713 3358 986 3447 vehementer
1011 3360 1242 3471 increpant.
1328 3364 1330 3368 ’

298 3468 367 3557 Ex
385 3471 632 3586 quibusdam
651 3494 845 3559 veterum
864 3472 968 3556 locis
990 3472 1497 3577 (AmmianuMarcellino
1517 3468 1588 3549 lib.
1618 3464 1686 3561 28.
1746 3459 1820 3567 Se·

215 3634 218 3643 ·
246 3612 345 3671 neca
364 3586 412 3669 sle
434 3588 751 3712 trurnqnillitate
769 3615 802 3669 e.
827 3584 883 3688 1.)
903 3582 1099 3695 adparet,
1130 3584 1332 3669 detrudas
1361 3581 1492 3670 vestes
1519 3577 1640 3694 prelo
1658 3576 1822 3687 semper

246 3697 469 3814 suppositas
485 3697 675 3809 jacuisse,
705 3726 792 3813 quo
812 3697 1023 3809 fulgorem
1054 3700 1306 3821 acciperent.

367 3924 440 4010 Sic
462 3947 537 4013 tua
549 3932 677 4043 steppo
694 3930 770 4012 scis
778 3928 1139 4043 perlucentprela
1159 3925 1351 4012 lacernis.
1428 3972 1492 4117 M
1568 4034 1577 4050 .
1604 4030 1637 4116 l·

1485 4052 1601 4119 arena
1621 4060 1673 4116 cs.

245 4262 605 4355 vestimentorum
634 4270 843 4355 infinitum
871 4291 1095 4355 numerum
1124 4261 1371 4353 habuerunt.
1454 4262 1526 4353 De
1556 4256 1733 4345 Luculla
1757 4246 1823 4344 'ita

249 4382 511 4468 Plutarchus
540 4381 693 4485 refert,
722 4385 929 4469 Praetori
958 4383 1124 4470 cuidam
1153 4379 1352 4491 choragia
1379 4402 1459 4493 pro
1486 4374 1593 4462 ludo
1611 4371 1826 4491 poscenti,

251 4516 374 4603 quem
406 4496 667 4597 exhibiturus
698 4500 810 4597 erat',
843 4498 1066 4584 Lucullum
1092 4490 1370 4695 repondisse,
1400 4488 1682 4606 inspesiurum
1701 4480 1743 4565 se
1769 4503 1823 4563 au

1172 4638 1187 4694 r

1190 4636 1213 4694 e
1244 4610 1521 4707 Praetorem,
1548 4618 1655 4713 quot
1675 4612 1824 4678 eorum

255 4606 345 4689 talia
365 4604 484 4695 domi
504 4604 689 4699 haberet.
728 4612 935 4703 ¹Obvium
954 4611 1122 4725 postero
1787 4708 1799 4715 ..

511 4736 515 4741 =
660 4748 668 4763 .
808 4736 811 4743 ·
1200 4718 1304 4826 gg
1446 4734 1451 4744 ·
1696 4701 1825 4793 vellet
