4140 5646
256 328 319 407 ,ο
479 237 798 386 nanuum
829 294 1068 410 numo.
1099 289 1614 385 numismatum

254 495 440 593 dicium,
468 502 579 581 6000
597 490 1050 610 DrachmisAEgioaeis
1069 490 1426 605 componebatur,
1448 521 1584 579 10000
1603 491 1836 584 Drachmss

258 612 435 698 Atticas
453 610 799 709 conficientibus,
827 631 874 695 ut
896 605 1026 694 nefem
1046 607 1221 691 Pollux.
1281 620 1298 663 θ
1319 608 1430 691 Aulo
1443 608 1580 692 Gellio
1600 604 1836 699 Talentum

259 727 304 811 δι
327 724 477 809 decem
498 726 812 809 Drachmaram
838 723 966 808 millia
982 746 1115 806 omum
1132 720 1342 834 'idemque
1361 720 1489 819 sunt,
1519 745 1696 834 eamque
1723 721 1836 815 sum-

260 864 372 923 mam
393 841 581 927 Romana
599 841 763 923 rasione
787 866 922 924 10000
940 836 1152 920 Danaus
1170 831 1370 923 transfert
1384 892 1405 932 0
1433 833 1669 923 valentibus
1700 838 1836 940 3221.

263 950 471 1036 sisoi
634 1022 637 1026 .
1676 976 1681 983 '

317 1065 521 1148 Rhodium
539 1061 770 1152 Talentum
791 1064 935 1176 Festum
955 1059 1214 1176 Pampajuaf
1236 1061 1374 1149 multo
1393 1063 1529 1151 minus
1545 1060 1676 1171 iacit,
1703 1068 1834 1179 quum

258 1179 303 1262 in
321 1177 496 1263 Tabulis
515 1177 769 1293 adscriptum
790 1177 870 1278 est,
899 1180 1056 1292 quippe
1075 1177 1192 1290 quod
1212 1206 1324 1284 4000
1339 1176 1477 1263 solum
1486 1178 1833 1265 Deuriiscom-

255 1293 400 1404 ponit..
479 1289 645 1377 Verum
675 1292 732 1378 de
757 1291 842 1376 hoc
862 1293 962 1376 loco
978 1288 1178 1376 momentis
1196 1288 1462 1402 disputatur,
1488 1314 1618 1403 quom
1637 1293 1833 1381 nonnulii

256 1403 311 1488 de
343 1425 531 1489 ravatum
560 1428 721 1518 putant.
808 1404 927 1491 Huic
953 1407 1069 1491 enim
1097 1404 1371 1491 aestimationi
1399 1402 1499 1489 alibi
1535 1403 1830 1493 contradicens

256 1431 463 1601 Riodiam
482 1517 714 1604 Talentum
736 1548 848 1627 4000
870 1518 1113 1635 Cissophoris
1132 1519 1175 1603 &
1189 1521 1410 1603 “Deouana
1432 1546 1513 1622 500
1536 1519 1772 1629 componit.

312 1647 332 1707 ὅ
353 1630 568 1716 Talentum
586 1631 905 1745 Babylonicum,
935 1631 965 1717 sl
987 1630 1573 1729 Herodoto-fidemhabemus,
1602 1628 1734 1717 Minis
1743 1634 1830 1716 Aa·

256 1745 357 1829 ticis
376 1745 457 1831 slve
480 1747 676 1832 Euboicis
689 1748 953 1860 septus-genis
971 1743 1210 1840 constabat,
1236 1745 1281 1829 id
1302 1744 1420 1860 quod
1441 1746 1604 1829 Pollux
1623 1742 1667 1831 &
1688 1742 1830 1831 AElia-

256 1886 335 1943 nas
353 1861 616 1946 confirmant.

312 1969 334 2027 ¹²
354 1970 395 2057 T
390 1977 571 2104 alantum
591 1975 624 2058 S
610 1977 757 2085 yrium
774 1971 915 2062 Minas
935 1973 1110 2059 Atticas
1134 2002 1183 2080 15
1213 1973 1285 2061 seu
1318 2001 1425 2078 1500
1454 1969 1684 2057 Drachmas
1703 1973 1829 2058 Atti-

252 2114 327 2173 cas
344 2107 548 2172 continet.
632 2132 635 2139 ·

312 2200 323 2257 1
352 2196 570 2285 Talentum
588 2199 707 2316 AEgy
736 2204 863 2300 tium,
884 2201 1096 2313 oiloginta
1114 2198 1248 2285 Minis
1268 2199 1436 2282 Atticis
1454 2194 1827 2313 constabat,quem

255 2312 386 2424 ipsum
408 2340 630 2398 numerum
648 2221 889 2399 inisabulis
908 2314 1154 2428 scripfimus.
1210 2311 1386 2421 ,Perfice
1405 2310 1504 2397 Rex
1531 2312 1728 2410 Darius,
1748 2312 1828 2399 fili·

254 2451 304 2509 us
332 2425 570 2535 Hystaspis,
587 2446 811 2536 argentum
828 2429 873 2511 in
895 2427 1088 2514 Talentis
1108 2426 1382 2537 Babyloniis,
1407 2450 1559 2511 aurum
1576 2423 1829 2511 inEuboicis

253 2537 353 2623 fisco
372 2538 497 2649 pendi
515 2538 641 2648 juffit.
749 2576 753 2583 ·

312 2647 401 2735 Scri
435 2673 574 2736 torum
595 2654 636 2737 in
658 2650 951 2739 constituendo
970 2652 1122 2741 horum
1142 2651 1425 2740 Talentorum
1455 2650 1598 2738 valore
1616 2650 1828 2738 consenti·

250 2784 372 2850 entes
391 2678 621 2852 linteatiae
640 2767 817 2851 omnino
836 2792 922 2853 non
940 2767 1049 2854 sunt.
1072 2768 1195 2883 Quae
1214 2765 1522 2855 verossmillima
1542 2767 1727 2881 seperire
1747 2790 1825 2879 po-

254 2879 317 2963 tui
337 2879 380 2961 in
400 2877 683 2967 describendis
701 2876 876 2966 Tabulis
895 2879 1059 2968 secut-us
1077 2882 1191 2989 sum.-

309 2988 444 3074 Dictis
465 2992 590 3100 longe
609 2990 810 3079 uetustius
829 2995 938 3078 Auri
954 2990 1187 3087 Talentum
1207 2992 1395 3094 accedit,
1418 2991 1542 3108 qnod
1559 2989 1826 3077 Homericae

251 3100 460 3213 appellare
479 3101 715 3217 pollumus,
742 3102 873 3215 vulgo
892 3107 1059 3193 Aureis·
1075 3110 1241 3193 Atticis
1270 3111 1399 3195 ternis
1425 3102 1695 3192 aestimatum
1752 3104 1824 3190 De

245 3241 308 3299 eo
330 3214 504 3300 Pollux.
545 3215 613 3301 Ab
638 3216 857 3330 Esstathio
875 3218 1047 3305 Homeri
1067 3224 1297 3337 interprete
1316 3256 1373 3330 24
1383 3216 1618 3306 Druchmis
1636 3215 1827 3304 aestim-

247 3347 333 3412 tur.
392 3328 461 3415 De
479 3328 621 3417 valore
640 3357 786 3445 parum
806 3343 926 3418 certo
946 3334 1118 3449 quidem
1140 3334 1326 3422 constare
1345 3335 1512 3421 videtur
1525 3352 1822 3435 ,tenuetamen

241 3456 306 3527 'ex
322 3439 396 3526 illo
416 3442 590 3528 Homeri
617 3446 637 3548 l
667 3441 786 3533 fu'ille
805 3444 1083 3557 conjicimus,
1112 3449 1185 3535 ubi
1235 3452 1388 3533 raemia
1417 3449 1461 3531 in
1490 3448 1690 3532 Patrocli
1720 3470 1824 3645 afio-

248 3579 305 3639 ne
323 3553 489 3641 funebri
510 3558 621 3643 hunc
647 3560 692 3643 in
719 3559 894 3646 modum
916 3561 1144 3650 distribuit.
1179 3477 1393 3647 'inimum
1422 3560 1567 3646 locum
1596 3580 1712 3647 tenet
1753 3586 1821 3669 ,e-

249 3668 361 3750 mina
380 3671 542 3778 captiva
562 3671 604 3753 &
633 3670 825 3781 Tripus,
862 3672 1093 3760 secundum
1123 3674 1243 3791 Equa
1282 3697 1406 3761 utero
1437 3698 1620 3783 gesens3
1649 3672 1823 3759 tertium

248 3776 466 3876 Alienum,
500 3806 695 3891 quartum
724 3783 810 3867 duo
843 3787 948 3871 Auri
979 3787 1183 3887 Telemo,
1213 3789 1409 3874 ultimum
1426 3786 1568 3873 Phiala
1587 3810 1719 3885 aerea:
1758 3783 1823 3869 lbi

246 3889 342 4011 duo
359 3893 465 3979 Auri
481 3891 660 3977 Talenta
684 3894 903 3994 ultimum,
935 3899 1151 3986 fiunicum
1171 3902 1377 4013 excipiam
1405 3902 1515 3985 inter
1545 3902 1728 4011 praemia
1756 3898 1824 3982 lo-

248 4030 347 4087 cum
368 4024 525 4090 tenent.
585 4004 899 4096 Confirmantur
928 4011 1030 4098 haec
1079 4016 1328 4100 lurimorum
1358 4001 1630 4113 testimoniis,
1659 4007 1822 4097 Talen-

249 4136 338 4201 tum
372 4121 477 4202 Auri
508 4143 670 4205 vctcres
708 4123 890 4208 Graecos
918 4042 1200 4214 tenuiliimum
1237 4123 1418 4212 habuille
1466 4124 1820 4221 affeverantiuma

245 4231 361 4317 unde
379 4231 633 4322 donli-limus
649 4231 880 4375 Episcopus
898 4239 1115 4355 Hooperus
1134 4238 1247 4327 haud
1266 4241 1374 4327 male
1384 4236 1605 4351 conjeciffe
1626 4235 1821 4433 videtkpr,

275 4378 281 4389 ·
960 4370 974 4405 ··
1169 4376 1183 4391 -
1387 4368 1390 4379 ·
1674 4408 1703 4452 ‚,
1762 4376 1819 4434 oc

590 4610 597 4623 ,
1046 4546 1067 4609 n
1096 4546 1197 4611 sottus
1211 4547 1230 4607 1.
1247 4564 1274 4620 9.
1312 4500 1460 4607 tnn't
1481 4558 1531 4626 ῃ,
1549 4556 1622 4621 aa.
1659 4540 1821 4620 anama.

285 4536 306 4628 ⁰ss
318 4534 364 4596 'n
385 4506 495 4597 Gellius
504 4538 622 4627 ‘inilist⁸
632 4512 883 4629 Dedistienin&
897 4536 1004 4611 Laidis.
1023 4551 1029 4572 ⁸

243 4611 263 4673 l
283 4614 381 4675 lessus
406 4616 559 4692 Pompeius
581 4617 600 4678 1.
623 4608 668 4682 til.
692 4668 695 4677 .
726 4639 746 4699 g
771 4622 1007 4699 llerodotl.'3.
1023 4581 1032 4697 i
1048 4622 1163 4717 llitn'l.
1182 4640 1228 4717 ‚²3⁸
1254 4641 1282 4687 ν.
1306 4628 1372 4695 263.
1397 4622 1438 4696 sq.
1570 4682 1575 4691 .
