4140 5646
254 284 338 347 ιω
507 240 820 339 nanuum
850 240 1088 357 auaro.
1117 236 1613 333 numismatum

253 528 280 567 ‚‚
310 470 425 579 ginta
450 466 668 547 remorum·
693 456 924 554 ordinum,
961 451 1224 563 longitudine
1252 454 1338 540 280
1365 452 1640 557 cubitorum,
1680 458 1832 547 latitu-

162 630 166 637 -
252 638 280 681 „
309 582 419 665 dine·
436 578 486 681 38
520 574 733 659 excitavit.
817 568 863 653 ln
882 594 1007 681 prora
1025 566 1046 605 ⁴*
1062 566 1317 675 Acrossolion
1345 564 1465 679 supra
1483 596 1636 684 aquam
1653 570 1824 659 cubitos

250 750 279 795 ,‚
305 692 384 797 48,
413 688 457 773 in
478 688 498 792 i
519 688 643 801 puppi
669 716 690 789 5
698 716 715 787 3
742 680 963 769 eminebat.
1021 676 1315 765 Gubernacula
1343 702 1549 793 quatuor,
1581 712 1635 785 30
1653 684 1823 775 cubito·

249 862 279 909 ‚,
306 800 588 911 tumsmgula,
617 796 772 881 habuit.
801 792 1102 881 Thraenitarum
1112 790 1338 877 seusummi
1349 792 1507 879 ordinis
1516 796 1625 881 remi
1639 798 1823 897 adnubi-

248 976 278 1019 „
308 942 449 1001 torum
460 932 699 1023 erant,quos
712 908 822 994 nulla
833 934 962 1017 opera
971 902 1253 1021 movissesmifr
1254 932 1355 1103 §lm
1364 906 1634 995 remifcalmo
1643 908 1822 1023 alligata,

249 1068 278 1133 t,
305 1028 515 1143 plumbata
534 1020 825 1139 aequilibrium
843 1018 1015 1105 faceret.
1037 1106 1041 1113 ,
1083 1018 1233 1103 Proras
1325 1044 1486 1132 puppes
1504 1020 1630 1121 duas,
1656 1022 1837 1113 duode-'

249 1174 276 1244 ,ε
307 1144 391 1227 cim
417 1136 620 1233 tabulata,
651 1142 735 1219 600
766 1134 922 1242 singula
950 1128 1190 1218 cubitorum
1221 1134 1265 1215 in
1294 1130 1478 1231 ambitu,
1506 1132 1664 1221 habuit.
1731 1138 1821 1227 Re.

248 1316 278 1357 „
305 1258 438 1363 miges
466 1250 518 1335 ad
546 1246 805 1353 movendum
822 1246 904 1331 rite
923 1272 1059 1351 4000,
1088 1264 1233 1329 nautas
1252 1241 1355 1329 alios
1376 1243 1429 1330 ad
1448 1276 1556 1351 400,
1585 1248 1630 1333 δι
1653 1272 1819 1363 praeter

247 1428 276 1471 ,‚
303 1368 380 1453 hos
411 1368 524 1451 2800
543 1380 747 1458 armatos,
776 1360 850 1471 qui
869 1384 963 1443 eam
983 1355 1284 1455 defenderent,
1312 1380 1478 1469 praeter
1498 1362 1574 1445 alia
1595 1360 1819 1461 ministeria

246 1542 276 1583 „
302 1480 512 1593 piurima,
549 1496 597 1561 ut
620 1474 703 1587 -qui
726 1470 1039 1557 frumentariam
1060 1498 1150 1557 rem
1168 1468 1417 1583 expedirent
1436 1470 1520 1559 dte.
1539 1476 1818 1590 requirebat”.

246 1596 314 1683 Ne
346 1620 400 1679 ue
427 1592 542 1676 navis
571 1586 792 1681 fabricam,
829 1610 968 1779 nepae
1003 1584 1208 1699 quatenus
1246 1580 1517 1698 descriptioni
1543 1588 1658 1673 fides.
1675 1588 1820 1679 baberi

246 1622 395 1819 possit,
423 1702 491 1787 bic
512 1700 598 1786 loci
615 1698 861 1811 disquiram:
906 1700 1013 1781 iceat
1031 1696 1165 1783 solum
1186 1694 1417 1807 descriptos
1436 1700 1702 1787 commensus
1722 1730 1817 1791 cum

248 1818 439 1905 maximis
459 1810 605 1901 nostris
620 1840 698 1895 100
718 1830 1032 1911 tormentorum
1049 1806 1222 1895 navibus
1238 1806 1645 1926 conferre,quarum
1655 1812 1817 1903 dimen-

248 1932 380 2019 fiones
418 1928 520 2013 tales
556 1944 661 2039 puto
691 1920 866 2007 statuere
897 1922 1029 2020 licet,
1068 1944 1115 2007 ut
1153 1921 1298 2007 infimo
1336 1922 1524 2010 tabulato
1550 1925 1682 2037 pedes
1715 1957 1816 2031 1¹70,

247 2046 410 2131 carinae
431 2042 499 2127 cui
520 2066 647 2123 onera
664 2038 962 2147 imponuntur,
994 2066 1070 2140 135
1092 2037 1136 2118 iu
1162 2034 1451 2145 longitudine,
1480 2040 1576 2123 navi
1604 2040 1649 2125 in
1676 2041 1816 2127 latitu-

248 2157 346 2241 dine
376 2150 746 2249 interlexteriores
777 2162 869 2233 oras
890 2150 970 2255 48,
998 2146 1276 2261 profunditati
1295 2150 1402 2233 alvei
1431 2164 1496 2259 19:-
1518 2149 1672 2264 pedes,
1700 2160 1817 2241 attri-

140 2272 144 2277 ’
245 2270 433 2355 buamus.
491 2262 733 2351 Secundum
753 2262 968 2372 vulgarem
990 2264 1157 2346 navium
1176 2286 1305 2345 onera
1323 2258 1631 2351 determinandi
1650 2268 1816 2357 metho-

246 2382 372 2479 dum,
401 2380 565 2463 curinae
584 2372 809 2487 longitudo
843 2402 921 2477 135
945 2392 969 2449 x
992 2376 1070 2479 48,
1101 2373 1215 2457 nauis
1243 2372 1534 2473 latitudinem,
1568 2376 1741 2465 &dein
1769 2384 1814 2469 in

151 2560 154 2567 .
245 2492 508 2579 latitudinem
535 2470 840 2583 mediam-feu
869 2516 950 2591 24,
976 2472 1277 2597 multiplicari,
1300 2484 1345 2571 dc
1372 2487 1624 2599 produsium
1650 2518 1730 2603 per
1757 2518 1813 2605 95

246 2605 448 2703 divisum,
479 2604 696 2715 (quoniam
717 2620 938 2712 utramque
971 2600 1110 2683 navim
1139 2626 1163 2683 a
1191 2604 1413 2686 tormentis
1431 2628 1603 2689 vacuam
1619 2601 1816 2719 supponi·

191 2726 198 2737 '
245 2719 356 2824 mus)
377 2718 635 2830 reperiemus
660 2713 793 2823 1637„
823 2737 902 2823 pro
920 2708 1079 2797 summa
1100 2738 1301 2813 onerum,
1329 2714 1480 2826 quibus
1501 2718 1615 2803 navis
1634 2714 1815 2807 ferendo

244 2832 316 2919 esi.

300 2944 349 3046 In
378 2934 610 3027 Ptolemaei
638 2942 760 3037 navi,
788 2940 988 3135 ‹pponiam
1020 2968 1043 3025 a
1072 2940 1231 3024 Graeco
1260 2938 1466 3051 descripta
1486 2938 1567 3039 est·,
1597 2964 1815 3032 conterra-

243 3080 372 3141 neum
400 3050 727 3167 sesquipedalem
755 3080 809 3136 cu
839 3056 968 3149 itum,
997 3082 1020 3137 a
1040 3053 1199 3138 Graeco
1221 3054 1293 3139 uix
1311 3051 1473 3141 tantillo
1484 3053 1722 3159 diversuma
1740 3058 1819 3149 ad-

244 3164 491 3255 hibebimus.
548 3164 675 3257 Navis
695 3162 971 3251 dimenfiones
991 3164 1068 3251 hae
1087 3164 1195 3251 sunu

800 3391 942 3476 Cubita·
1180 3390 1326 3477 Pedes.

577 3502 828 3617 Longitudo
848 3506 932 3591 280
1030 3520 1083 3589 Ε·
1182 3534 1282 3611 420-

578 3616 796 3704 Latitudo-
879 3618 931 3718 38
1029 3636 1080 3705 t:-
1209 3648 1275 3723 57·

576 3744 595 3827 i·
618 3728 822 3817 Latitudo
882 3758 935 3839 19-
1032 3746 1076 3819 t:
1213 3732 1338 3835 28,5..

239 3956 377 4065 Igitur
390 3970 563 4060 4aox57
584 3980 607 4041 x
632 3956 728 4059 28,5
749 3980 971 4041 numerum
992 3954 1162 4065 682290
1182 3956 1446 4055 conficiunt‚.
1465 3958 1539 4073 qui
1572 3984 1649 4071 per
1673 3992 1736 4075 95
1751 3964 1812 4053 di„

239 4068 369 4166 uisus,
402 4070 510 4171 7182
530 4092 609 4177 pro
629 4068 784 4154 summa
804 4092 983 4154 onerum
1007 4068 1169 4154 reddit:
1200 4072 1308 4156 ratio
1337 4070 1467 4180 igitur
1486 4096 1691 4177 onerum,
1711 4082 1811 4194 qui·

239 4180 315 4265 bus
343 4180 411 4265 iila
440 4182 673 4267 Ptolemaei
701 4182 815 4267 navis
844 4179 1022 4269 serendo
1051 4180 1176 4285 effet,
1203 4184 1257 4269 ad
1289 4210 1439 4285 onera,
1466 4185 1618 4303 quibus
1649 4188 1809 4279 uositae

1692 4374 1697 4384 .
1731 4334 1809 4391 noo

273 4482 292 4521 ⁰
310 4480 399 4557 Angli
412 4494 517 4543 vocant
538 4480 685 4559 Gratiana,
705 4480 780 4541 Galli
796 4484 819 4539 te
833 4466 948 4543 beistis.

272 4560 289 4635 t
308 4558 515 4635 Anglivoeaut
528 4556 733 4647 Quanendeck,
752 4555 829 4619 Gatti
841 4554 971 4621 seTa'finc.
