4140 5646
238 273 327 357 ²3⁶·
470 234 784 337 'FABULAE
811 233 1048 351 ANTIQ.
1080 230 1582 327 NUMISMATUM

245 498 262 514 ··
297 454 475 556 Romani
487 454 761 544 vehementer
778 450 1054 549 mirabantur,
1083 450 1495 561 cumduoscaprivos
1514 474 1658 561 teges,
1687 450 1810 545 bellic·

235 600 325 689 que
345 570 514 657 felicem
536 589 736 655 eventum
747 564 1037 663 intuebantur,
1067 562 1185 677 quod
1207 566 1279 649 vix
1307 564 1409 649 dum
1437 566 1654 675 inceptum
1682 566 1811 655 resci-

242 706 403 773 verant.
432 684 435 692 '
461 680 697 767 Maritimae
731 706 835 765 vero
857 679 963 764 vires
983 679 1188 768 Romanos
1205 704 1259 763 ex
1276 675 1377 764 belli
1393 676 1468 763 usu
1488 680 1651 789 potius,
1709 706 1810 769 uam

243 828 299 887 ex
327 796 572 883 commercii
602 793 781 879 utilitate
811 788 1077 903 ponderasse,
1106 812 1355 902 argumento
1375 789 1467 877 sunt
1487 812 1660 877 centum
1747 798 1812 881 ui-

246 912 354 1023 ginti
382 908 436 995 'de
466 908 611 992 Gentii
641 902 794 1002 classe,
839 901 1103 1015 Corcyraeis,
1143 903 1290 1011 (hodie
1320 902 1470 1016 Corfir)
1500 906 1813 1013 Dyrrachinis,

246 1020 508 1136 (Durazzo)
529 1017 885 1133 &Apolloniatis,
913 1018 1091 1107 donatae
1108 1016 1323 1107 astuariae.

305 1134 474 1245 Illyrici
497 1132 747 1217 maritimam
773 1156 892 1217 oram
910 1161 933 1220 a
952 1130 1118 1220 devielo
1148 1130 1368 1243 Philippo,
1397 1128 1666 1215 Macedonum
1686 1134 1813 1240 rege,

248 1248 377 1358 longe
404 1244 514 1331 ultra
541 1243 738 1330 debellati
766 1244 918 1353 Persei
948 1246 1363 1358 tempora‚'.penitus
1391 1272 1415 1329 a
1443 1243 1641 1336 Romanis
1664 1246 1815 1355 negle·

251 1360 359 1447 flam
388 1354 506 1444 inille
525 1355 669 1445 austun
687 1355 747 1443 est
766 1357 980 1469 Polybius.

306 1470 372 1557 Eo
393 1472 596 1582 temporis
615 1468 837 1557 intervallo
851 1470 999 1559 crebra
1026 1470 1135 1558 bella
1164 1470 1323 1557 navalia
1349 1466 1472 1577 Afiae
1490 1470 1600 1556 inter
1615 1466 1659 1556 se
1676 1472 1816 1583 reguli

243 1582 469 1699 gellerunt.
975 1603 978 1612 ·
1496 1635 1504 1652 ·
1567 1635 1571 1641 -

261 1724 286 1751 ··
308 1694 565 1792 Durantibus
584 1694 930 1783 hisRomanorum
947 1698 992 1783 in
1005 1694 1248 1782 Macedonia
1257 1692 1397 1794 bellis,
1427 1696 1819 1808 Poenaequaecun·

248 1830 336 1928 quc
356 1810 409 1897 ad
427 1808 726 1897 excutiendum
742 1808 890 1921 jugum
921 1834 1026 1923 opus
1044 1828 1186 1909 erant,
1215 1805 1496 1922 comparabat.
1553 1804 1677 1896 Clam
1695 1807 1748 1893 ab
1766 1812 1821 1897 iia

254 1924 412 2010 navalia
431 1920 598 2023 instrui,
628 1924 803 2011 Romani
821 1920 1089 2012 resciverant.
1146 1922 1279 2033 Igitur
1306 1921 1469 2031 legatos
1494 1920 1815 2035 Carthaginem,

252 2036 391 2160 specie
418 2036 704 2123 conciliandae
733 2062 832 2121 cum
863 2036 1113 2146 Massaniffa
1140 2037 1276 2148 pacis,
1314 2034 1536 2125 miserunt,
1573 2038 1649 2145 qui
1684 2034 1817 2122 scele-

254 2171 362 2236 ratas
389 2148 521 2263 plebis
549 2176 695 2237 manus
722 2150 795 2237 vix
820 2148 995 2265 quidem
1022 2144 1285 2259 ell'ugetunt,
1311 2148 1488 2261 propriis
1515 2167 1655 2236 tamen
1681 2148 1818 2235 oculis

255 2264 408 2349 navalis
426 2262 686 2353 instrumenti
706 2284 1012 2375 comportatam
1030 2264 1195 2375 copiam
1223 2262 1505 2373 inspexerunt.
1560 2258 1694 2369 Igitur
1714 2290 1825 2348 con-.

257 2398 322 2462 tra
342 2381 414 2461 e'os
434 2376 628 2463 celeriter
646 2378 950 2487 quinquaginta
978 2376 1289 2489 quinqueremes
1315 2375 1491 2460 Romani
1509 2370 1821 2473 instruxerunt,

258 2508 425 2601 praeter
444 2488 615 2573 aliarum
645 2490 815 2574 navium
841 2512 1039 2599 magnum
1068 2515 1314 2588 numerum,
1341 2486 1616 2578 &Manlium
1634 2484 1821 2575 terrestri

257 2600 465 2689 exercitui
484 2598 789 2713 praefecerunt.
845 2599 945 2713 Qua
973 2621 1059 2688 tam
1085 2600 1217 2690 subita
1234 2598 1443 2687 invasrone
1463 2597 1640 2714 perculsi
1661 2602 1823 2701 Poeni,

260 2712 515 2823 'Utica-astum
542 2712 759 2827 exemplo,
785 2712 829 2801 se
857 2715 1011 2829 suaque
1038 2718 1181 2801 omnia
1208 2716 1405 2800 Romanu
1433 2711 1716 2812 tradiderunt,
1747 2715 1830 2843 qui·

261 2830 443 2939 primum
452 2824 572 2915 claffe
583 2846 1028 2943 cremata,magn0que
1037 2828 1227 2916 obsidum
1235 2844 1413 2919 numero
1423 2824 1741 2939 comprehenso,
1751 2826 1827 2915 irbi

263 2940 435 3025 demum
445 2942 610 3053 placere
622 2937 905 3039 ostenderunt,
915 2961 963 3026 ut
973 2940 1110 3027 diruta
1122 2941 1225 3027 urbe
1235 2943 1397 3027 incolae
1408 2937 1494 3049 ejus
1504 2940 1690 3055 quinque
1700 2937 1829 3028 hora-³

265 3054 1079 3142 rumintervalloamariremoverent-ur.
1108 3056 1211 3167 Quo
1230 3052 1518 3141 auditorabies
1537 3050 1827 3140 universosin·

266 3163 391 3263 rastt',
420 3154 621 3279 &potius
637 3166 782 3256 ultima
799 3168 941 3254 omnia
959 3166 1215 3281 experiunda
1225 3164 1320 3265 fibi,
1347 3166 1828 3281 quamtamatrocicon·

267 3275 429 3363 ditione
439 3278 643 3366 utendum
653 3276 734 3366 elle
743 3276 1005 3368 censuerunt.
1024 3280 1155 3391 Igitur
1163 3300 1276 3368 terra
1287 3282 1473 3393 marique
1482 3276 1665 3368 obsideri
1672 3305 1829 3477 coeze·

266 3409 378 3475 runt.
408 3386 465 3477 Et
484 3418 583 3477 cum
600 3392 951 3509 portuascqione
972 3392 1384 3491 intercluderentur,
1415 3393 1540 3480 alium
1554 3390 1696 3483 iuralia
1712 3422 1764 3481 ur
1793 3396 1829 3480 is

268 3506 387 3615 parte'
404 3528 680 3614 excavarunt,
691 3534 746 3593 ex
763 3534 850 3623 quo
860 3508 1086 3597 centum&
1099 3508 1247 3619 viginti
1256 3510 1423 3594 navium
1442 3502 1831 3606 claffee'milia,Ro-

267 3623 425 3700 mnam
443 3616 612 3705 clallem
625 3618 763 3707 adorti
780 3620 898 3723 sunt,
926 3620 1095 3737 ejusque
1114 3640 1275 3733 partem
1293 3639 1611 3716 cremauerunte
1641 3645 1751 3733 quae
1769 3640 1835 3707 ta-

270 3748 368 3839 men
397 3730 510 3812 varia
541 3734 756 3818 molimina
782 3760 870 3821 non
889 3733 1109 3833 obstitere,
1137 3762 1224 3849 quo
1243 3736 1379 3820 minus
1398 3730 1497 3819 urbs
1513 3756 1661 3823 anno.
1690 3760 1715 3818 a
1742 3759 1833 3848 quo

268 3838 441 3925 condita
459 3840 542 3939 est,
569 3840 964 3959 septingentefimo‚;
982 3878 1007 3935 a
1024 3845 1196 3934 condita
1206 3848 1335 3932 Roma
1353 3843 1766 3933 verolexcentelinto
1784 3874 1835 3935 o·

270 3949 413 4051 lirun,
440 3976 672 4066 caperetur.
731 3958 964 4049 Postremae
973 3963 1098 4052 etiam
1109 3958 1369 4070 hujusclaffis
1379 3958 1578 4073 reliquiae
1588 3984 1836 4045 concrema·

271 4083 361 4165 tae,
400 4094 525 4180 quam
554 4072 676 4179 parvi·
698 4100 789 4160 rem
826 4076 1034 4164 nauticam
1065 4076 1240 4164 Romani
1277 4072 1490 4168 fecerint,
1528 4098 1643 4157 novo
1670 4070 1832 4157 indicio

272 4174 353 4261 elle
384 4178 560 4289 poliunt.
610 4182 863 4301 Carthagine
892 4216 945 4273 eo
974 4208 1190 4301 tempore,
1220 4208 1276 4278 ut
1304 4185 1424 4299 supra
1452 4182 1838 4295 diximus-3...homi-.

272 4313 374 4374 num
385 4289 642 4417 septingenta
653 4302 780 4386 millia
797 4300 1144 4397 numerabantur;
1165 4327 1304 4415 neque
1323 4300 1608 4410 potententiae
1630 4298 1674 4383 δι
1693 4296 1834 4383 diviti-

274 4428 487 4519 arumclus
509 4406 619 4506 urbis
632 4410 1123 4527 illustriuslargumentum
1143 4410 1358 4529 elhquam
1370 4412 1563 4526 ultimum
1573 4408 1674 4504 illud
1685 4438 1765 4528 pro
1774 4410 1834 4524 sa·

273 4514 363 4599 luta
374 4516 587 4604 molimen
609 4517 771 4609 Vcr'u'm
791 4540 945 4638 quanta
964 4523 1140 4615 urbis'eo
1159 4526 1258 4613 loco
1276 4518 1431 4639 linitae
1450 4526 1743 4720 opporturlaeitas
1762 4523 1835 4653 lit·¹

896 4653 902 4664 '
1681 4662 1837 4723 omamr
