4140 5646
551 172 983 338 nnnsunnuunt
1010 239 1095 331 nn
1121 242 1473 372 ronnnnunt.
1737 272 1828 365 ης

299 464 383 551 His
405 460 546 555 uerbis=
563 455 794 574 Virgilium
810 457 869 542 ad
884 480 1074 544 veterem.
1095 463 1368 544 Romanorum
1388 463 1737 552 consuetudinem
1760 468 1818 551 al-

240 577 394 678 nnnc,
425 606 448 661 a
480 575 628 659 Servio
649 573 877 670 docemur,
907 575 1062 686 quippe
1082 578 1155 689 qui
1176 577 1438 689 antiq-uitus,
1459 578 1670 665 referente
1692 581 1825 667 Cam--
1885 629 1891 639 ·

239 723 313 793 rte,
341 697 387 777 in
405 691 535 774 atriis
559 685 711 773 duobus
719 688 903 798 ferculis
922 688 1208 800 epulabantur.

297 806 469 892 Locum
489 827 575 916 quo
595 799 853 899 coenabant,
885 801 1171 900 Cteuatiuues‚
1205 803 1453 904 Coenacula,
1482 801 1689 892 Triclinia
1700 806 1824 894 dixe·

239 940 353 1007 runt.
413 918 554 1003 Plinii
574 913 856 1001 suburbanum
887 912 1047 1001 duabus
1077 915 1231 1001 diaetis
1269 916 1541 1018 describitur,
1571 919 1642 1005 seu
1680 923 1829 1034 pervia

242 1030 506 1129 coenaculis,
535 1059 558 1114 a
588 1031 822 1114 coerctione
842 1026 1061 1127 distinctis,
1093 1031 1209 1143 quod
1229 1030 1306 1116 illis
1328 1030 1538 1144 spatiosius
1560 1057 1660 1119 erat.
1721 1037 1827 1119 Coe·-

239 1148 432 1232 naculum
451 1145 494 1227 in
512 1141 750 1229 summitate
778 1141 946 1227 aedium
972 1140 1196 1253 scriptores
1225 1144 1400 1244 locant,
1420 1173 1473 1231 eo
1504 1148 1617 1229 enim
1647 1151 1856 1231 nomine·¹

241 1258 535 1362 coenatorium
556 1257 700 1343 locum
720 1255 837 1371 plebs
857 1253 1108 1366 defignabat.
1168 1254 1416 1343 Tricliuiuru
1436 1288 1458 1343 a
1479 1257 1615 1343 formu
1636 1259 1831 1358 &ledia
1862 1292 1864 1296 ·

269 1370 393 1459 uibus
406 1372 609 1458 convivae
620 1368 732 1456 strati
740 1368 949 1480 jacebant,
960 1397 1114 1455 nomen
1125 1370 1319 1456 sortitum
1331 1369 1568 1482 else,vulgo
1579 1394 1729 1457 notum
1748 1371 1830 1458 est..

240 1402 460 1601 drequens
471 1483 557 1594 ejus
580 1482 775 1570 vocabuli
795 1483 887 1569 usus
900 1481 959 1568 est
975 1510 1055 1596 pro
1077 1483 1338 1593 defignandis
1357 1484 1474 1570 ledis
1493 1487 1535 1569 ὃ(
1554 1484 1828 1585 mensa,sub·

242 1599 346 1687 inde
366 1598 496 1711 ipsam
524 1601 795 1682 coerratioueua
808 1597 997 1684 denotat.
1027 1596 1312 1696 Camerae‚in
1353 1597 1477 1684 uibus
1500 1596 1729 1696 cubabant,
1752 1628 1823 1682 cu·

240 1714 466 1819 bicolorura
495 1713 668 1796 nomine
689 1712 926 1796 veniebant.
983 1709 1183 1799 Caminos
1203 1711 1327 1797 habui
1363 1740 1492 1797 enon
1514 1712 1735 1812 videntur,
1750 1740 1822 1796 ve-

240 1852 337 1913 rum
356 1822 606 1912 carbonibus
627 1829 669 1910 in
690 1823 803 1913 testis
820 1824 951 1935 frigus
972 1822 1184 1938 depulisse.
1270 1823 1422 1910 Gravis
1453 1825 1555 1910 haec
1586 1828 1697 1910 inter
1717 1827 1833 1909 anti-

272 1943 410 2025 uarios
430 1935 616 2053 quaestio
635 1937 738 2036 suit,
767 1966 869 2023 num
889 1938 1077 2025 caminos
1097 1961 1262 2026 veteres
1279 1938 1526 2026 habuerint?
1557 1937 1721 2023 Contra
1751 1936 1824 2022 ad·
1955 2014 1957 2019 .

242 1968 454 2143 dimontes
474 2049 613 2135 facere
633 2049 825 2150 videtur,
854 2050 972 2165 quod
994 2051 1048 2136 de
1079 2079 1229 2137 eorum
1248 2051 1448 2137 strutiura
1469 2054 1704 2135 Vitruvius
1721 2051 1834 2135 silet..
1915 2084 1940 2164 J

242 2162 414 2274 Egenos
433 2163 622 2248 homines
642 2161 807 2249 fumum
835 2160 1012 2248 fenestra
1042 2163 1236 2263 emisisse,
1265 2190 1331 2248 res
1351 2162 1659 2248 eslcertissima.
1719 2163 1827 2271 Lig-

243 2303 347 2361 num
383 2307 572 2374 amurca,
601 2277 684 2360 olei
704 2272 1060 2390 quadamspuma,
1088 2276 1328 2374 muntium,
1356 2274 1840 2385 fumumnullumemit-

244 2409 360 2487 tere,
387 2389 543 2502 scripsit
572 2388 698 2488 Cato,
729 2388 846 2504 quod
875 2385 1048 2504 quidem
1076 2390 1168 2474 sieri
1199 2388 1532 2502 ‘haudquaquam
1560 2386 1674 2498 posse
1704 2385 1840 2474 nobis.

242 2500 424 2601 uidetur.
483 2500 758 2614 Quodligno
772 2505 916 2614 ignem
938 2501 1234 2604 accenderint,
1263 2523 1386 2590 extra
1416 2500 1592 2591 dubium
1613 2497 1699 2603 esi.

394 2730 591 2832 Diffolvr
612 2730 784 2841 frigus,
814 2732 928 2840 ligna
940 2731 1073 2840 strper
1081 2730 1185 2837 fotu

397 2840 541 2953 Large
571 2852 769 2951 reponens
795 2881 1097 2920 ..ι-...-

244 3068 301 3155 eit
321 3063 535 3150 Horatius
554 3066 733 3152 Carmel.
759 3094 795 3150 r.
816 3066 901 3151 Od.'
916 3098 956 3176 9.

301 3175 422 3263 Hinc
443 3181 604 3265 exitum
624 3175 970 3292 sumoaperuiffe
990 3175 1207 3291 probabile
1224 3177 1284 3264 fit.
1344 3174 1528 3263 Fumum
1555 3177 1759 3266 domuum
1780 3176 1840 3261 Il·-

248 3289 392 3377 tharae
430 3290 595 3404 ‘silyffes
614 3294 658 3377 in
688 3312 811 3378 antro
838 3292 1079 3407 Caupsruis
1093 3293 1239 3381 videre
1260 3289 1426 3379 avebat.
1487 3291 1707 3376 Suetonius
1726 3291 1849 3375 scri--.

248 3402 333 3505 bit,
362 3403 431 3490 die
452 3431 540 3518 quo
559 3406 765 3492 Vitellius
793 3409 1064 3518 inauguratus
1094 3405 1174 3506 est,
1206 3435 1303 3491 cum·
1326 3407 1445 3517 iguis·
1467 3403 1601 3507 (latim
1629 3404 1841 3484 ramiuuar

248 3518 518 3625 uecordiffet,
545 3514 793 3605 Triclinirsm
823 3519 969 3606 deiude
999 3518 1259 3632 absrsmpstffl·
1345 3516 1571 3600 caminum
1599 3514 1843 3600 hodiernae·

249 3654 394 3741 gentes
415 3631 570 3717 eodem
602 3632 807 3721 vocabulo
838 3635 950 3719 varie
982 3633 1143 3718 inflexo
1172 3652 1430 3743 nuncupant.
1487 3628 1716 3715 Rariorcm
1746 3630 1832 3710 Ro·

249 3774 335 3829 mae
364 3747 626 3832 caminorum
656 3746 775 3831 usum
808 3749 975 3860 propria
995 3745 1087 3857 ipsrs
1121 3742 1405 3831 calefaciendi?
1423 3745 1531 3827 ratio
1559 3740 1685 3840 fecit,
1716 3741 1843 3825 ase--

250 3860 449 3972 ueta-Ep.
473 3889 540 3969 920.
561 3863 618 3947 ita
639 3859 883 3972 descripta,
899 3863 992 3944 Per
1023 3863 1228 3976 impreffos
1240 3855 1480 3970 parietibus
1502 3855 1620 3939 tubos
1631 3877 1713 3967 per
1733 3880 1838 3965 quos

252 3972 654 4083 circumfunderetur
682 3976 829 4074 calor,
871 3977 942 4090 qui
971 3975 1053 4058 ima
1072 3973 1202 4085 firiul
1228 3972 1272 4061 &
1293 3976 1454 4080 stemma
1475 3971 1640 4080 firire't
1679 3992 1843 4078 aequa·-

252 4088 385 4171 liter:
925 4170 935 4179 ,
1804 4142 1807 4149 ·

301 4198 374 4285 De
396 4221 588 4285 veterum
617 4198 805 4286 fenestris
837 4199 1021 4287 similiter
1051 4203 1094 4286 in
1123 4220 1348 4313 utramque
1376 4216 1543 4311 partem
1571 4194 1845 4304 disputatura

253 4311 411 4398 iis'usos
430 4336 595 4399 veteres
616 4314 888 4402 certissimum
911 4313 981 4399 cli.
1070 4313 1236 4399 Lucem
1259 4312 1359 4425 lapis
1379 4304 1611 4421 pellucidus
1631 4310 1835 4393 immitte·

224 4421 340 4520 ·bat,
374 4430 586 4539 speculum
625 4429 781 4529 dissue,
822 4428 939 4539 cujus
971 4431 1261 4515 inventionem
1293 4426 1445 4510 Seuera
1473 4423 1553 4508 suis
1573 4419 1838 4534 temporibus.

258 4537 460 4623 uindicare
482 4544 675 4630 uidetur:
706 4542 859 4631 eodem
883 4545 1060 4630 Plinius
1074 4543 1215 4654 junior
1236 4537 1535 4629 insuburhano
1548 4535 1661 4624 usus.
1705 4530 1844 4659 'Eum‘

1789 4667 1846 4728 m<
