4140 5646
502 331 503 335 ψ
556 265 987 383 Mmmamom
1014 283 1102 381 m*
1127 247 1479 388 PoNooRoM.
1558 322 1568 331 -
1738 337 1814 402 121

246 510 428 596 henaeus
457 504 527 592 lib.
553 530 597 591 ἰ.
626 522 713 618 cap.
744 535 783 610 4.
814 501 997 621 thynnis
1024 502 1135 618 apud
1165 503 1406 617 Pachynum
1436 516 1604 627 captis,
1638 520 1817 630 gruibus

247 624 421 720 eMelo,
437 621 579 705 mullis
598 616 758 727 Syneta
777 615 983 717 advehis,
1004 619 1370 727 asellisePeloro,
1390 621 1815 743 haleaibusLiparen-

174 752 179 760 ’
234 736 372 847 sabas,
402 734 605 849 raphanis
622 729 998 838 Mantiueenstbus,
1037 733 1201 846 aepulis
1218 759 1319 846 quas
1342 731 1524 839 Thebae,
1554 738 1672 827 betae
1689 771 1816 860 quam

243 846 603 962 Ascrafundunt,
630 845 854 930 maximam
874 841 1191 955 fuiisegratiam.
1250 845 1545 938 Placentarum
1556 853 1676 967 plura
1684 882 1816 968 gene·
1954 866 1957 873 '

244 989 292 1051 ra
312 960 569 1056 habuerunt,
598 959 859 1072 placentam,
897 959 1110 1072 laganum,
1150 957 1298 1058 libum,
1329 964 1592 1069 scriblitant,
1621 969 1816 1083 sphaeri.

244 1097 356 1176 tam,
394 1075 669 1181 malianum,
704 1069 902 1178 stratum,
939 1070 1182 1182 crustulum
1212 1099 1395 1188 quorum
1424 1077 1604 1189 quodvis
1633 1083 1816 1171 conscri-

242 1188 407 1279 bendae
425 1184 718 1273 differtationis
737 1185 955 1297 egregium
966 1185 1537 1300 Antiquariaargumentum
1549 1193 1652 1294 erit,
1682 1224 1816 1313 aeque

188 1393 193 1405 ,
243 1330 294 1394 ac
314 1302 470 1414 inclyta
489 1300 558 1385 illa
587 1295 797 1414 quaestio,
825 1324 926 1385 num
943 1316 1185 1384 artocreata
1202 1296 1449 1388 habuerint?
1478 1303 1818 1422 Coquorumpe·

242 1420 384 1504 sitiam
404 1413 558 1501 exinde
577 1413 779 1525 colligere
797 1414 922 1512 licet,
951 1413 1067 1526 quod
1087 1439 1182 1500 aves
1202 1412 1245 1499 ἃ
1265 1413 1396 1526 pisces
1417 1436 1531 1503 tanta
1560 1441 1652 1505 aste
1679 1422 1817 1510 imita·

244 1530 428 1629 bantur,
456 1547 505 1614 ut
532 1523 784 1614 naturalibus
811 1525 996 1611 delicato
1024 1524 1169 1639 sapore
1197 1529 1420 1641 praeirent.
1480 1531 1708 1639 Bithyniae
1724 1542 1818 1649 regi

243 1641 485 1741 Nicomedi,
505 1638 697 1726 halecum
719 1638 926 1725 desiderio
935 1638 1172 1750 languenti,
1200 1662 1392 1728 recentes
1402 1647 1740 1758 coquusattulit,
1767 1653 1818 1736 li·

243 1776 316 1844 cet
334 1782 488 1867 magno
507 1782 531 1840 a
550 1753 654 1840 mari
671 1753 905 1842 intervallo.
964 1750 1032 1839 Ex
1051 1780 1178 1839 carne
1196 1779 1381 1868 aprugna
1391 1753 1715 1845 Trimalchionis
1743 1790 1818 1851 co·
1908 1780 1914 1790 ·

274 1895 351 1960 uus
370 1870 504 1958 omnis
524 1868 688 1980 generis
709 1866 753 1954 ἃ
772 1866 904 1980 pisces
923 1866 966 1953 &
987 1894 1083 1954 aves
1102 1865 1294 1955 faciebat.
1351 1866 1503 1959 Affatis
1524 1871 1567 1959 δι
1585 1872 1819 1975 lixatis,in·

239 1897 382 2073 horstio
400 1980 509 2096 pasta
528 1982 686 2096 aliqua,
715 2007 841 2097 quam
869 1979 1061 2093 pudding
1080 1981 1213 2096 Angli
1230 2002 1410 2084 vocant,
1435 1986 1724 2101 maximopere
1743 1989 1819 2077 de·

242 2094 513 2187 leoiabantur.
571 2093 818 2180 Athenaeus
834 2095 963 2211 coqui
983 2096 1198 2196 meminit,
1227 2097 1302 2210 qui
1321 2097 1533 2210 integrum
1547 2126 1693 2213 aprum
1705 2100 1818 2188 dieo

242 2211 375 2312 modo
393 2207 595 2296 instruere
613 2229 813 2307 noveram
847 2208 901 2295 de
919 2235 1069 2293 eorum
1087 2232 1193 2295 vero
1208 2205 1380 2319 jusculis
1398 2215 1660 2327 caeterisque
1678 2209 1819 2301 fercu-

241 2325 295 2412 lis
320 2321 542 2410 videantur
569 2324 706 2436 quiin
725 2320 833 2408 hanc
852 2323 1069 2420 materiam
1088 2349 1142 2408 ex
1158 2319 1342 2434 profeffo
1361 2321 1623 2457 scripserunt.
1671 2324 1818 2416 Palato

240 2455 360 2527 certe
390 2435 612 2548 gratiffima
640 2434 917 2522 embammata
946 2463 1001 2524 ex
1026 2437 1265 2524 animalium
1281 2433 1505 2537 intestims,
1534 2464 1642 2554 quae
1661 2439 1820 2528 incon·

240 2552 401 2641 vivium
420 2545 729 2648 inferebantur,
757 2548 1066 2663 excoquebant.

299 2654 578 2750 Fescialorum
596 2659 757 2748 deliciis
784 2666 914 2773 magis
943 2688 1071 2776 quam
1100 2661 1360 2748 multitudini
1386 2660 1580 2752 studuisse
1608 2664 1819 2754 videntur.

239 2774 454 2872 Indicam,
499 2773 858 2886 convivarumque
883 2776 1054 2859 nomina
1073 2801 1128 2859 ex
1147 2773 1415 2886 pugillaribus
1435 2776 1633 2879 Metelli,
1670 2777 1820 2866 summi

181 2980 186 2984 ,
237 2888 476 3005 pontificis,
496 2883 726 2997 descripta,
743 2886 915 3000 reliquit
926 2886 1170 2972 Macrobius
1179 2885 1238 2971 lib
1250 2917 1289 2971 2.
1310 2915 1357 2969 ca
1387 2949 1396 2969 .
1416 2918 1456 2996 9.
1486 2885 1584 2974 Fuit
1595 2917 1671 2987 ea,
1691 2916 1820 3020 quam

240 2999 472 3098 memorat,
483 2997 662 3083 Lentuli
671 2998 920 3108 inauguralis
938 3025 1095 3095 coena,
1125 2997 1300 3112 quodie
1352 3001 1484 3107 lamen
1503 3001 1735 3101 Martiales
1753 3030 1820 3091 re-

241 3116 456 3204 nuntiatus
466 3109 537 3197 est.
596 3108 810 3196 Convivio
828 3109 993 3197 nonnifi
1009 3112 1215 3221 religione
1234 3108 1394 3196 sanstae
1412 3110 1637 3224 personae,
1666 3112 1821 3204 Flami·

242 3256 340 3328 nes,
368 3226 635 3337 virginesque
655 3217 869 3324 Vestales,
895 3222 1192 3310 interfuerunt.
1246 3218 1427 3310 Duobus
1446 3228 1650 3312 tricliniis
1667 3227 1820 3318 decem
1860 3288 1863 3293 -

180 3384 183 3393 ·
243 3336 571 3437 accumbebant,
607 3335 693 3447 ipse
713 3335 945 3435 Lentulus,
982 3336 1038 3459 Q
1060 3339 1261 3436 Catulus,
1299 3336 1366 3422 M.
1386 3335 1592 3425 AEmilius
1608 3338 1674 3424 Le
1700 3342 1819 3443 idus,

242 3460 309 3544 D.
330 3455 525 3551 Silanus,
555 3451 601 3536 C.
613 3450 855 3560 Caestarren
865 3454 1104 3560 stannatum,
1132 3453 1190 3538 P.
1211 3448 1412 3535 Scaevola
1431 3448 1611 3549 Sextus,
1685 3515 1695 3535 .
1716 3455 1818 3542 Car·

241 3571 401 3667 nelius,
430 3568 486 3652 P.
506 3559 771 3655 Volumnius.
800 3565 857 3650 P.
877 3564 1189 3663 Albinovanus,
1218 3561 1262 3649 δι
1283 3560 1336 3646 L.
1358 3561 1512 3673 Julius
1542 3563 1700 3675 caestu
1726 3573 1822 3654 An·

237 3713 335 3803 gur.
392 3679 440 3765 In
461 3681 589 3764 tertio
600 3679 784 3762 triclinia
803 3675 1036 3763 coenabant
1047 3677 1522 3791 PopiliuPerpenstie,
1545 3676 1740 3782 Licinia,
1771 3681 1818 3771 δι

242 3797 434 3994 Λνιιῖιςῑὶιι
452 3789 620 3878 vestales
630 3849 644 3894 ,
654 3815 752 3878 cum
764 3789 961 3878 Publicia
978 3792 1023 3876 F
1020 3794 1211 3877 lominica
1220 3787 1398 3876 Lentuli
1406 3791 1742 3910 uxore,ejusque
1751 3792 1818 3883 so·

243 3938 321 4001 cru
372 3925 593 4020 empronsa.
1622 3982 1625 3987 Α

297 4019 414 4112 Face
432 4020 539 4107 iilius
558 4016 737 4106 Lentuli
752 4018 1016 4134 inauguratis
1032 4043 1190 4107 coenae
1209 4014 1406 4107 indicem.
1441 4012 1449 4021 ’

432 4245 550 4337 Ante
568 4247 753 4340 Coenam.

339 4473 701 4707 ghhte'hte’erulae,
729 4604 928 4705 qnantum
943 4582 1107 4685 nolint,

1192 4694 1240 4811 Q
