4140 5646
527 220 1142 374 transsumuntur
1177 276 1568 383 sonnerunt
1731 318 1829 412 117

306 484 441 602 Quod
469 485 723 605 ‘Rutupias
751 490 801 575 de
811 484 946 599 fanda
975 485 1134 576 ostreae
1153 488 1292 607 aliqua
1321 491 1478 581 fuerint
1499 496 1836 609 existimatione,

246 603 411 693 nostrae
431 607 548 716 genti
567 603 847 691 honorificum
867 602 948 703 est,
976 604 1078 690 licet
1098 610 1244 719 quanti
1273 604 1435 696 dolium
1464 615 1676 714 venierit,
1703 617 1829 706 dete·

246 743 350 832 gere
372 743 594 833 nequeam.

306 842 319 891 s
344 831 475 919 Haud
496 833 660 919 minore
687 831 862 943 piscium
884 857 1027 919 amore
1048 832 1246 932 Rotnani,
1274 860 1401 948 quam
1420 837 1479 923 illi
1500 837 1654 929 horum
1683 845 1825 957 capie-

246 944 411 1034 bantur.
469 942 627 1035 Surdos
646 972 720 1032 eos
739 945 931 1061 profesio
960 970 1089 1033 nemo
1118 943 1316 1046 dixisset,
1347 953 1488 1037 vocati
1516 958 1631 1041 enirn
1661 957 1830 1069 praesto

245 1081 380 1148 erant.
755 1116 758 1124 ,

301 1189 322 1234 ¹¹
343 1175 578 1260 Muraenae
596 1198 724 1288 quam
747 1170 969 1285 diligebat,
999 1169 1172 1260 Femina
1192 1176 1355 1261 inaures
1375 1145 1552 1266 iddidit.

267 1345 273 1355 ·
298 1285 397 1374 Post
417 1316 489 1387 ea,
519 1315 627 1404 quae
647 1286 701 1374 de
726 1288 976 1374 immanibus
994 1286 1170 1399 piscium
1190 1289 1334 1401 pretiis
1353 1290 1478 1393 dixi,
1504 1291 1656 1408 quibus
1683 1323 1707 1380 a
1735 1298 1825 1385 Ro·

242 1410 380 1487 manis
406 1399 538 1487 habiti
565 1403 692 1500 sunt,
733 1402 779 1489 C.
808 1400 960 1488 Hirrii
984 1401 1160 1515 piscinas
1186 1417 1205 1460 ¹
1226 1401 1479 1519 quadragies
1505 1406 1712 1509 veniisse,
1750 1412 1825 1499 seu

247 1547 382 1628 32291
414 1515 441 1599 l.
465 1545 511 1618 13
543 1516 572 1599 s.
593 1548 620 1623 4
639 1515 680 1598 d.
701 1541 788 1602 non
806 1514 1052 1601 incredibile
1073 1514 1298 1602 videbitur.

298 1633 476 1744 Neque,
504 1629 621 1742 quod
641 1627 791 1714 eadem
808 1629 968 1714 summa
986 1645 1005 1705 t
1026 1629 1200 1735 Luculli
1218 1629 1405 1720 defundi
1425 1626 1606 1746 piscinae
1627 1637 1823 1726 venditae

240 1740 420 1842 fuerint,
451 1768 604 1853 nempe
628 1744 812 1854 322911.
839 1773 884 1846 13
908 1742 936 1828 s.
958 1776 986 1852 4
1007 1743 1047 1828 d.
1556 1849 1560 1855 Ι

298 1871 316 1912 ³
336 1856 405 1941 De
428 1858 585 1941 Fulvio
594 1854 779 1969 Hirpino
799 1856 1031 1944 honorifice
1051 1857 1256 1972 quaedam
1276 1860 1360 1948 hoc
1382 1859 1481 1946 loco
1501 1859 1645 1946 dicere
1676 1890 1700 1947 a
1720 1891 1823 1976 pro·

239 1969 377 2083 posrto
397 1969 577 2057 alienum
597 1996 683 2056 non
703 1969 885 2056 videtur.
942 1969 1015 2058 ille
1047 1973 1316 2059 cochlearum
1345 1975 1502 2086 primus
1523 1977 1678 2060 vivaria
1708 1976 1821 2062 insti·

242 2085 345 2183 tuit,
376 2111 443 2169 eas
475 2111 529 2169 ue
539 2091 646 2198 sapa
668 2085 710 2174 ut
720 2087 850 2194 farre
869 2083 1068 2196 saginatas
1096 2085 1149 2170 ad
1177 2111 1270 2170 eam
1299 2085 1632 2196 magnitudinem
1665 2089 1822 2199 perdu-

241 2200 337 2296 xit,
375 2219 422 2282 ut
445 2112 509 2285 io
528 2197 786 2311 quadrantes
815 2198 888 2283 seu
917 2229 973 2282 20
989 2201 1206 2307 sextarios
1234 2219 1433 2311 caperent
1467 2197 1718 2309 singularum
1748 2228 1819 2288 ca·

240 2311 364 2410 lices,
394 2313 469 2425 qui
502 2341 553 2395 10
573 2310 694 2397 nobis
723 2310 979 2399 constituunt
1006 2314 1262 2426 quartarios.

298 2423 468 2537 ¹›Qu0d
496 2424 725 2512 Fruiiuum
749 2424 1025 2513 horraeorum
1053 2428 1185 2538 pretia
1214 2428 1398 2524 attinet,
1436 2423 1549 2510 inter
1578 2453 1628 2511 ea
1648 2424 1822 2531 Parstca

241 2537 346 2623 mala
376 2537 563 2622 denariis
592 2538 747 2649 singula
771 2549 816 2645 7}
840 2538 890 2637 d,
921 2541 1044 2624 initio
1064 2539 1301 2626 venundata
1320 2539 1439 2636 sunt,
1468 2538 1610 2650 postea
1632 2541 1820 2652 pretium

241 2651 394 2763 triceni
413 2655 574 2736 nummi
595 2650 763 2761 ungulis
782 2651 978 2749 suerunt,
1008 2652 1079 2737 seu
1101 2684 1129 2759 4
1147 2651 1177 2737 s.
1202 2680 1253 2736 ro
1272 2651 1314 2735 d.

295 2763 487 2848 cGerasa
515 2761 644 2848 Urbis
673 2790 784 2849 anno
816 2766 900 2850 680
929 2764 982 2847 L.
1013 2765 1221 2849 Lucullus
1259 2764 1418 2875 primus
1448 2763 1618 2849 advexit
1648 2792 1672 2849 e
1704 2767 1821 2850 Pon·

239 2893 305 2974 to,
336 2875 534 2988 annisque
570 2904 651 2958 120
679 2896 790 2960 trans
820 2902 1025 2989 oceanum
1054 2879 1097 2960 in
1119 2877 1391 2959 Britanniam
1409 2873 1539 2990 usque
1558 2903 1818 2989 pervenere;

240 2990 282 3118 id
303 2988 422 3100 quod
441 2987 591 3119 incidit
617 2991 660 3072 in
681 3017 829 3073 annam
848 2991 1026 3073 Domini
1046 3017 1113 3105 55.
1173 2987 1335 3100 Quanti
1354 3014 1458 3074 vero
1480 3009 1657 3076 centena
1676 2992 1842 3076 venie-v

240 3125 322 3185 rrnt
342 3128 431 3185 non
451 3127 632 3212 reperio.
743 3202 747 3209 1
972 3156 975 3161 -
1274 3148 1277 3157 ·

295 3211 316 3274 d
335 3215 573 3329 Asparagos
591 3216 702 3301 latos
720 3222 746 3299 6
767 3211 808 3300 d.
827 3210 1001 3303 subinde
1022 3213 1202 3326 singulos
1221 3233 1440 3315 emerunt,
1469 3214 1662 3331 adeoque
1673 3239 1821 3304 cente·

242 3328 454 3414 tenosal.
480 3356 532 3412 10
550 3327 579 3414 s.
1806 3408 1812 3419 .

1686 3439 1816 3528 dRa·

273 3679 296 3739 ‘i
308 3678 417 3742 Plinius
430 3680 449 3738 l.
471 3693 517 3752 32.
532 3697 558 3738 c.
579 3685 608 3740 6.
647 3682 720 3739 Item
735 3679 893 3758 Juvenalis.
1049 3676 1350 3754 autumnitanus...
1366 3679 1436 3756 quiu
1449 3676 1477 3738 ἀ
1490 3678 1613 3752 saginam
1632 3690 1816 3739 earumcom·
1921 3746 1928 3757 .

312 3785 506 3804 --·-—
529 3756 654 3816 Circaeis
668 3771 733 3818 nata
748 3757 894 3816 foreman
1050 3769 1159 3816 rnentus
1180 3753 1241 3834 pst,
1263 3753 1326 3830 sapa
1349 3754 1377 3813 de
1399 3755 1490 3824 farre,
1510 3755 1575 3814 aliis
1593 3755 1763 3830 generibus,
1784 3763 1818 3812 ut

278 3833 436 3897 Lucrinum
446 3833 481 3892 ad
498 3833 592 3893 saxum
606 3834 810 3912 Rutupiuoque
823 3833 901 3892 edita
917 3831 1008 3891 fundo
1049 3833 1186 3892 cochleae
1200 3848 1315 3906 quoque
1334 3832 1426 3892 altiles
1441 3847 1563 3908 ganeam
1577 3831 1750 3907 implerent,
1765 3845 1814 3888 eu·

277 3910 380 3970 Ostrea
399 3940 595 3956 -----
1045 3911 1090 3981 jus
1107 3911 1174 3968 artis
1183 3908 1273 3983 gloria
1284 3909 1312 3965 in
1324 3925 1387 3966 eam
1396 3904 1818 3984 magnitudinemperduilafit,

276 3988 417 4051 rPlinius
435 3987 456 4046 1.
473 4004 518 4047 10.
534 4005 560 4047 e.
575 4003 662 4059 70...
702 3988 740 4048 Bt
755 3985 912 4062 lnpiseinia
936 3984 1008 4044 Cae·
1047 3998 1079 4046 ut
1091 3987 1237 4061 octoginta
1270 3983 1423 4044 uadrtntes
1440 3978 1814 4061 capereutsrngularusnca·

241 4064 305 4127 iaris
341 4063 553 4143 snerapileium
568 4064 719 4124 adnomen
731 4066 846 4133 venire,
885 4062 1006 4120 uosdam
1048 4063 1129 4121 licea.
1183 4002 1326 4148 bPiimo
1352 4058 1604 4150 denarilsliogula
1631 4055 1813 4130 venundata,

238 4140 373 4219 dagnus.
393 4139 422 4201 ἃ
442 4141 529 4202 Marc
544 4141 561 4200 l.
577 4147 605 4202 6.
626 4141 723 4217 Epigr.
737 4154 784 4213 30.
823 4080 970 4198 uitiatus
985 4136 1003 4194 l.
1046 4139 1226 4273 pretiumque
1244 4152 1302 4207 Jam
1321 4134 1434 4216 lingulis
1456 4137 1560 4196 triceni
1587 4133 1698 4195 nummi
1722 4133 1819 4198 suere.

240 4230 370 4294 9.e.55.
409 4218 538 4279 Antonia
552 4217 637 4277 Drufi
651 4233 822 4288 muraenae,
842 4230 928 4290 quatu
941 4214 1006 4273 dill-
1069 4212 1324 4285 lln.l.15.c.ra.
1364 4211 1605 4285 cl’linlrul.15.
1628 4228 1652 4271 c.
1673 4225 1721 4283 ις.
1761 4211 1817 4271 Ce-

259 4296 341 4367 sbat.
357 4295 470 4355 inaurea
488 4293 609 4354 addidit
667 4310 688 4353 x
709 4294 816 4352 Plinius
837 4290 856 4350 l.
877 4304 944 4363 us.
960 4304 1005 4365 55.
1045 4288 1097 4350 sali
1119 4301 1185 4350 aute
1200 4289 1347 4350 vinariam
1355 4288 1584 4350 Mithridaticam
1593 4287 1816 4349 L.Lucullinon

239 4314 330 4445 isaias
345 4371 443 4432 villam
466 4373 541 4435 intra
561 4387 648 4449 msam
669 4369 814 4430 modicum
835 4367 1006 4445 quadragies
1046 4366 1126 4427 fuere
1141 4365 1276 4426 initalia.
1315 4366 1362 4427 Ad
1375 4368 1463 4430 Urbis
1476 4383 1579 4425 annum
1601 4363 1815 4424 chllxxia
1882 4400 1886 4405 -

239 4448 537 4523 plieiuaesenleruot.
613 4447 686 4507 Pllu.
708 4447 727 4507 l.
745 4462 774 4518 9.
795 4463 821 4505 c.
842 4458 890 4519 54.
928 4447 1008 4582 ἳνα·
1043 4444 1169 4521 prlruum
1188 4443 1268 4503 vexit
1291 4444 1448 4514 einata,
1482 4443 1621 4517 tussisque
1642 4440 1724 4500 CXX
1736 4453 1817 4527 trans

241 4524 290 4582 dn
312 4530 354 4583 les
379 4523 440 4584 HS.
474 4541 492 4582 a
526 4523 658 4583 deuotio
685 4523 739 4583 lllo
763 4523 882 4582 veniere
908 4523 936 4597 pi
948 4536 1006 4582 ees.
1045 4519 1679 4601 oceanumlnliritauuiamusquepetrenere.
1716 4512 1814 4580 arb

241 4600 560 4675 sismusinum.
599 4598 918 4677 Coohleatumslsasia
930 4597 1005 4661 iasii·
1044 4597 1243 4666 niusaltus.
1261 4600 1290 4659 8.
1505 4601 1519 4641 '-

1184 4672 1276 4775 Pa
