4140 5646
248 281 331 361 250
503 232 817 331 sinonis
847 228 1087 345 nitrio.
1115 224 1622 321 numismatum

250 486 354 549 num
380 453 568 573 AEgypti'
594 452 753 569 pelium
790 450 912 549 dari,
947 443 1131 559 impense
1169 443 1398 557 cupiebat,
1445 441 1666 534 Sultanum
1694 455 1828 539 maxi-

248 602 361 665 mam
377 572 544 659 suorum
565 568 830 680 vesligalium
850 584 1012 678 partem
1032 587 1086 647 ex
1104 558 1328 659 odoribus,
1355 558 1526 676 aliisque
1545 562 1708 649 Iudicis
1716 592 1828 654 mer·

250 689 391 788 cibus,
419 685 591 773 reficere
602 682 756 770 scribit.
819 677 967 762 stadiae
977 674 1063 761 duo
1073 676 1296 788 praecipua
1306 678 1520 874 emporia,
1550 678 1755 764 Masabar
1782 684 1828 770 dc

252 802 488 917 Cambojom
518 814 846 891 commemorat,
884 792 929 878 δι
958 792 1148 904 portoria
1166 786 1340 874 Sultano
1386 790 1589 892 olvenda,
1618 798 1829 883 mercium

249 918 375 1030 pretii
396 917 593 1002 trientem
612 908 702 997 sere
721 901 919 994 efficere:
950 904 1087 989 multo
1106 901 1330 1016 impensius
1348 904 1591 989 Indicarum
1618 912 1828 997 mercium

249 1030 363 1117 idem
376 1029 445 1113 ille
456 1025 659 1113 hodierna
670 1019 886 1134 vestigalia
895 1020 1133 1107 miraretur.
1161 1015 1510 1104 Pedesttiitinere
1520 1020 1655 1107 illatos
1667 1022 1824 1111 odores

248 1145 297 1231 iis
308 1144 435 1254 longe
454 1138 659 1254 praestare
680 1135 895 1235 adfirmat,
915 1134 989 1249 qui
1009 1129 1151 1329 inAEp
1149 1150 1301 1246 ypram
1319 1133 1424 1219 mari
1434 1132 1714 1221 devehuntur.
1743 1140 1827 1225 Ve-

249 1274 386 1342 netam
414 1281 589 1347 navem,
629 1278 737 1367 quae
758 1277 812 1336 ex
841 1244 1130 1333 Manissainsu
1146 1274 1169 1331 a
1188 1243 1392 1346 solverat,
1428 1251 1471 1329 δι
1491 1245 1614 1331 Seres
1629 1246 1826 1363 petebat,

248 1377 292 1455 in
311 1394 474 1456 oceano
493 1367 687 1453 orientali
705 1362 856 1462 visam,
884 1364 1170 1448 Moluccaram
1189 1358 1357 1445 historia
1377 1358 1528 1461 tradit,
1553 1388 1684 1476 quam
1698 1362 1825 1452 bonae

237 1485 333 1601 spei
361 1482 701 1595 promontorium
726 1475 1052 1565 circumveslam
1071 1470 1235 1561 necesse
1252 1470 1323 1559 est.

304 1594 616 1705 Transaxianae
661 1592 936 1704 metropolis,
987 1590 1275 1688 Sitaarcanda,
1319 1607 1512 1676 veterum
1560 1590 1825 1681 Maracanda

248 1712 357 1798 ultra
386 1714 525 1794 Onam
553 1706 731 1795 sluvium
768 1704 932 1819 polita,
979 1702 1342 1791 celebratissimum
1372 1704 1474 1787 olim
1510 1699 1648 1789 suerat
1676 1734 1824 1823 empo-

247 1827 377 1923 rium,
406 1850 494 1938 quo
514 1822 661 1918 Seius,
690 1818 891 1918 Tartari,
919 1818 1082 1929 Perstie
1101 1816 1287 1915 deludi,
1315 1814 1561 1927 negotiandi
1579 1818 1698 1904 causa
1719 1848 1823 1909 con·

247 1936 484 2025 veniebant.
543 1933 604 2022 Ea
622 1930 721 2020 urbs
740 1932 781 2019 T
775 1930 979 2017 amariori
1006 1932 1170 2044 imperii
1188 1930 1305 2017 sedes
1325 1929 1418 2017 fuit.
1448 1927 1547 2040 Ejus
1567 1929 1682 2017 urbis
1701 1959 1822 2021 com-

245 2055 414 2139 merciis
434 2076 510 2164 per
519 2048 749 2135 Tartarum
770 2046 986 2145 visiorias,
1018 2046 1061 2131 δι
1074 2043 1822 2161 [infinitorum-negotiationespluri·

245 2190 364 2250 mum
395 2163 628 2250 detraslum
658 2158 728 2247 est.
806 2158 1004 2247 Vicinam
1034 2158 1288 2246 Smarcanda
1316 2157 1400 2269 ipsa
1433 2156 1581 2243 urbem
1610 2160 1820 2249 Bokaraot

247 2276 562 2375 obfuscaverat,
590 2275 644 2361 ad
654 2277 742 2359 Oxi
751 2272 1121 2387 septentrionalem
1142 2300 1258 2359 oram
1268 2271 1468 2386 positam,
1485 2270 1819 2384 septentrionalis

245 2390 477 2479 latitudinis
507 2401 579 2498 29⁰
624 2388 782 2499 gradui
814 2390 943 2473 totius
970 2388 1072 2471 olim
1099 2386 1206 2472 illius
1235 2388 1420 2495 regionis
1438 2387 1686 2497 metropolis
1705 2412 1818 2493 erat,
1849 2475 1854 2484 ,

244 2531 357 2593 nunc
379 2500 585 2587 Urbecki's
602 2522 748 2613 paret;
779 2499 890 2612 apud
900 2498 1154 2585 Anthonium
1165 2498 1408 2606 Ienkinson,
1436 2498 1481 2583 in
1500 2497 1817 2592 collesiionibus

244 2618 447 2705 Haklaiti'
476 2613 565 2726 ejus
590 2612 747 2725 prostat
776 2612 1015 2725 descriptio.
1083 2612 1291 2726 inclytum
1318 2612 1419 2697 olim
1451 2616 1688 2724 emporium
1706 2639 1820 2720 erat,

244 2732 302 2820 ob
327 2732 566 2818 Aoicenoae
583 2729 847 2814 nativitatem
872 2723 1164 2819 memorabile,
1193 2724 1553 2843 quemadmodum
1579 2726 1711 2813 Hera·
1719 2728 1824 2819 urbs-

244 2845 301 2933 ob
339 2842 562 2944 Marcondi
598 2842 894 2941 nativitatem,
931 2841 1005 2953 qui
1043 2842 1216 2927 orientis
1253 2838 1465 2927 historiam
1503 2840 1671 2951 Perssco
1708 2844 1819 2935 idio·

245 2980 356 3045 mate
375 2957 521 3045 edidit.
579 2953 693 3041 liiter
714 2953 967 3065 Chorostinae
994 2955 1119 3041 urbes
1138 2981 1193 3040 ex
1220 2954 1477 3068 principibus
1496 2952 1617 3039 Hera
1634 2955 1719 3056 est,
1753 2962 1821 3047 in·

245 3070 432 3156 colatum
462 3067 659 3155 industria
688 3068 731 3155 &
757 3090 1041 3155 mercatorum
1060 3066 1297 3181 frequentia
1316 3066 1522 3153 illustrata.
1578 3070 1751 3158 Indicae
1768 3101 1822 3161 o-

244 3186 317 3271 lim
338 3184 383 3270 &
414 3182 607 3292 Perficae
636 3208 822 3282 merces,
851 3180 1185 3282 Candacharam,
1211 3183 1476 3295 cognominis
1504 3184 1687 3294 regionis
1706 3193 1815 3275 anti·-

245 3296 480 3413 qiiillimam
519 3297 563 3383 δι
593 3295 944 3411 populosissimam
973 3294 1147 3398 urbem,
1189 3294 1508 3395 deserebantur,
1537 3294 1654 3407 cujus
1675 3321 1815 3390 tamen

243 3414 555 3524 negotiationes
574 3438 629 3497 ex
651 3432 842 3526 tempore
860 3408 1041 3525 superati
1060 3412 1185 3497 bonae
1216 3411 1314 3527 Spei
1340 3414 1622 3526 promontorii
1660 3412 1822 3504 frisiae·

242 3526 350 3613 sunt.
418 3526 554 3613 Cabal
577 3528 841 3637 cognominis
872 3528 1056 3637 regionis
1086 3527 1355 3677 metropolis,
1393 3546 1626 3611 aromatum
1652 3553 1821 3618 merca·

243 3661 337 3725 tura
357 3641 465 3727 clara
483 3638 588 3727 urbs·
600 3660 714 3741 crat,
743 3639 859 3753 cujus
879 3660 1016 3725 terrae
1033 3638 1196 3725 incolae
1257 3639 1469 3725 Gabalitae
1487 3641 1724 3727 Ptolemaeo
1743 3670 1820 3731 au·

243 3753 387 3842 diunt:
419 3754 655 3869 aliquorum
673 3774 794 3839 antea
813 3753 961 3837 Indiae
979 3777 1127 3863 regum
1147 3755 1313 3866 imperii
1331 3752 1448 3839 sedes
1468 3782 1516 3838 ea
1536 3752 1633 3839 urbs
1661 3751 1814 3846 suerat.

242 3865 405 3955 Verum
427 3871 538 3959 nulla
565 3890 759 3955 veterum
787 3866 1052 3979 Taprobanae
1079 3889 1190 3954 terra
1218 3869 1373 3981 praeit,
1401 3866 1538 3952 Nabio
1566 3872 1814 3985 geographo

245 3981 449 4083 Saroodi,
478 3980 729 4067 Serlanda've
758 3982 801 4065 in
832 3979 1035 4081 Teixera,
1075 3982 1119 4069 &
1149 3979 1378 4067 Sarandine
1395 3981 1590 4079 audiens,
1619 4007 1721 4093 gens
1741 4013 1815 4074 aui·

244 4109 333 4180 teni
351 4093 435 4207 ipsa
456 4096 705 4193 Seraadiai;
734 4098 989 4182 commercia
1008 4096 1119 4206 ejus,
1145 4096 1377 4181 secundum
1396 4097 1657 4180 Ammiairana
1685 4097 1822 4185 Mar·

242 4211 433 4293 celliaam
453 4210 499 4311 †,
524 4212 567 4293 in
588 4208 845 4321 margaritis,
875 4211 1076 4321 gemmis,
1104 4210 1400 4311 cinnamomo,
1428 4206 1625 4311 moscho,
1652 4209 1820 4313 cibeto,

241 4320 371 4409 serica
391 4320 500 4409 velie
529 4322 571 4408 δι
592 4319 720 4409 ebore
740 4322 994 4410 constabant.
1725 4323 1814 4417 Ex·

279 4509 298 4550 ¹³
318 4510 499 4570 Ptolemaeus
516 4508 599 4569 ntae
614 4526 675 4586 cap.
693 4514 739 4573 18.

281 4584 296 4661 1
317 4588 483 4649 Ammianus
505 4585 817 4651 Marcellinorum
