4102 5656
489 272 1004 425 mensurarum
1033 259 1524 442 resonuerunt.
1570 329 1576 353 ²
1728 372 1811 471 299

238 552 321 639 rite
345 545 584 663 explicata,
611 564 681 641 aut
709 544 859 635 calculi
878 543 1077 636 nonnulla
1104 570 1278 661 peccata
1298 551 1505 666 reperiasr
1535 580 1668 669 pauca
1686 559 1813 645 etiam

240 662 294 750 ab
320 661 410 749 aliis
427 658 614 773 ejusdem
632 660 867 770 argumenti
886 656 1372 774 scriptoribus-desumto
1391 692 1541 754 eorum
1557 666 1642 755 lide
1660 669 1813 758 adscri-

270 775 311 863 sr.
343 772 449 862 Hoc
470 799 598 861 unum
618 771 846 861 dicendum
864 771 1023 875 habeo,
1053 771 1215 862 sibimet
1233 777 1327 893 ipsrs
1349 782 1519 892 egregie
1549 781 1812 872 consulturos

238 802 474 1087 ἱεᾶἕτεε,
503 913 641 1003 neque
670 913 739 974 me
767 886 851 975 ulla
870 889 1033 975 ratione
1063 884 1316 990 offensuros,
1345 890 1557 980 srdeteila
1576 920 1749 1010 peccata
1769 926 1813 985 e·

237 1028 337 1088 men
369 1022 453 1087 ent.
632 1078 636 1085 .

294 1117 364 1200 De
385 1116 658 1202 Romanorrrm
677 1113 898 1215 moribus,
928 1114 1280 1232 antiquitatibus,
1310 1115 1562 1206 vestimentis
1594 1119 1677 1207 dte.
1707 1150 1813 1210 non·

236 1227 349 1319 nulla
369 1255 543 1344 quoque
574 1227 670 1313 data
689 1228 909 1315 occasione
929 1227 1176 1342 interspersa
1235 1231 1387 1345 Neque
1407 1251 1548 1317 tamen
1569 1232 1623 1318 de
1644 1236 1693 1319 iis
1713 1263 1814 1322 cum

235 1338 425 1430 Eruditis
453 1340 745 1443 contendam,
781 1339 854 1428 sed
883 1344 1024 1429 omnia
1053 1345 1193 1457 potius
1224 1368 1372 1429 eorum
1392 1343 1729 1458 castigationibus
1748 1350 1812 1439 lu-

238 1452 708 1543 bentiffimesubmitto.
1256 1506 1259 1513 ·
1515 1516 1519 1520 -

293 1567 382 1657 Res
412 1569 538 1655 Falli
566 1568 754 1700 inprimis
773 1567 1047 1668 constiturus,
1076 1570 1500 1685 aeomparationibus
1528 1570 1573 1658 δι
1602 1572 1812 1677 universa-

234 1680 342 1791 libus
372 1678 708 1799 conelusronrbus
736 1679 826 1767 fere
854 1681 1050 1777 abstinui,
1084 1682 1212 1798 quod·
1231 1684 1364 1797 ipsum
1392 1703 1614 1797 praeterea
1638 1687 1812 1800 pudoris
1861 1692 1876 1779 '.

235 1793 318 1883 esse
334 1794 598 1908 iudicabam,
625 1814 674 1882 ut
692 1815 779 1881 non
799 1816 1010 1911 occupato
1024 1794 1187 1907 judicio
1224 1795 1490 1884 meditationi
1518 1796 1711 1899 Lesloris
1738 1803 1812 1888 'ali-

236 1908 341 2027 quid
360 1909 656 2021 relinquerem.
716 1904 874 2031 Ellque
893 1907 1086 2022 profesio
1105 1909 1246 2011 locus,
1266 1910 1320 1996 de
1339 1938 1427 2025 quo
1446 1912 1608 2023 agitur,
1624 1914 1811 1998 itaeom-

234 2044 426 2139 paratus,
454 2044 535 2122 ut,
563 2019 798 2110 constitutis
817 2021 941 2109 rebus
961 2021 1082 2121 falli,
1110 2020 1287 2137 quilibet
1307 2025 1349 2108 in
1370 2026 1551 2136 negotiis
1572 2046 1700 2140 atque
1728 2028 1812 2113 cal·

235 2137 341 2224 culis
361 2140 637 2234 exercitatus,
667 2134 797 2223 homo
824 2138 960 2250 aptior
979 2135 1128 2224 harum
1146 2162 1287 2223 rerum
1312 2135 1444 2245 judex
1463 2137 1534 2234 stt,
1559 2131 1688 2255 'quam
1708 2137 1812 2225 doc-

233 2249 409 2338 tissimus
420 2249 754 2347 Grammaticus,
783 2251 1033 2336 nummarias
1051 2251 1233 2335 rationes
1247 2249 1383 2336 minus
1402 2247 1588 2336 edosiusss
1646 2248 1730 2336 Sed
1743 2279 1813 2338 ve·

232 2386 360 2464 reor,
386 2390 462 2464 ne,
492 2364 591 2450 dum
612 2361 898 2479 prolixitatem
919 2359 1062 2477 fugio,
1092 2366 1351 2449 contrarium
1367 2364 1521 2465 'uirium
1547 2364 1811 2450 incurrerim.

232 2470 391 2565 Omnia
411 2491 529 2565 certe
543 2474 785 2587 brevissime
804 2475 1024 2589 expedivi,
1052 2474 1106 2581 ad
1124 2474 1307 2590 speciem
1326 2473 1601 2561 articulorum
1620 2475 1666 2560 in
1693 2502 1812 2563 corn·

232 2609 373 2703 puto,
412 2617 520 2706 quos
550 2590 730 2700 singulos
748 2588 874 2675 susrus
893 2586 1165 2704 pertratiatos
1184 2590 1256 2676 vix
1276 2586 1459 2674 dimidiis
1486 2588 1654 2700 paginis·
1675 2592 1813 2675 ¹contl-

231 2700 369 2791 n'eres.
455 2699 621 2788 Verum
649 2700 804 2788 omissis
831 2699 1150 2787 circumstantiis
1177 2699 1340 2787 nonnisi
1367 2703 1615 2786 nummarias
1633 2697 1812 2789 summas

231 2841 451 2929 exponere
480 2814 533 2898 ad
561 2812 821 2927 propositum
848 2808 1095 2900 sufficiebat.

292 2928 418 3040 Quae
439 2926 650 3038 congessi,
679 2925 850 3040 &quae
870 2948 955 3010 non
975 2926 1119 3036 attigi,
1148 2921 1367 3036 exempla,
1407 2950 1560 3012 uorum
1578 2944 1695 3013 certe
1724 2952 1811 3014 non
1904 2950 1908 2959 ·

233 3039 376 3128 dicam
395 3037 680 3154 spicilegium,
710 3062 859 3122 verum
879 3039 1097 3148 ingentem
1116 3034 1208 3148 post
1227 3060 1384 3123 meme
1416 3038 1571 3123 emreli
1604 3040 1670 3138 ui,
1686 3037 1812 3154 spero

233 3152 412 3253 sore,ut
432 3150 661 3238 materiem
671 3147 896 3265 aliquando
915 3152 1070 3263 aptiori
1087 3147 1283 3263 scriptori
1302 3149 1551 3260 praebeant,
1573 3065 1690 3239 ¹‘stane
1716 3176 1811 3242 rem

234 3265 477 3378 diligentius
498 3264 752 3377 &prolixius
772 3261 1028 3349 excutiendi.
1057 3259 1154 3374 Ego
1182 3283 1345 3348 tantum
1374 3261 1579 3375 praestiti,
1608 3284 1813 3379 quantum

231 3406 313 3579 per
332 3378 608 3494 praescriptos
627 3378 746 3492 operi
763 3376 941 3475 limites,
969 3374 1254 3490 ualetudinem
1273 3375 1317 3461 &
1337 3395 1502 3461 caetera
1520 3400 1614 3461 mea
1641 3379 1812 3487 negotia

266 3513 368 3579 curt.
416 3519 419 3524 ·
861 3574 865 3583 .

292 3605 422 3693 Adeo
441 3688 444 3693 .
468 3629 534 3697 res
585 3606 793 3691 Romanae
829 3599 1177 3717 pervestigantem
1226 3597 1541 3709 defatigatum,
1561 3610 1566 3619 ’
1584 3614 1638 3686 'ut
1656 3702 1661 3709 .
1677 3599 1811 3709 Gree-

234 3744 376 3805 corem
393 3719 777 3807 nummariamre'm
798 3718 995 3830 paricura
1014 3713 1210 3912 prosequi
1229 3714 1485 3824 nequierim:
1517 3710 1667 3799 dubito
1691 3718 1811 3828 prae·

235 3854 377 3930 terea,
406 3857 457 3916 an
478 3849 563 3916 tarn
584 3828 693 3917 bona
712 3830 909 3916 materiae
928 3829 1044 3940 seges
1063 3855 1141 3941 pro
1178 3847 1233 3914 et.
1321 3824 1367 3911 In
1388 3853 1442 3913 co
1461 3828 1601 3937 itaque
1622 3825 1810 3928 constiti,

234 3965 285 4031 ut
303 3944 505 4032 nonnulla
523 3943 621 4029 hinc
641 3943 741 4030 inde
760 3940 891 4059 sparsa
911 3938 1438 4055 conquirerem-exempla,
1466 3940 1614 4053 quibus
1624 3938 1811 4029 Tabula·

234 4082 329 4146 rum
348 4056 469 4144 usum
488 4056 756 4146 declararem.
1489 4138 1492 4142 Α
1676 4066 1680 4073 ’

292 4171 456 4258 Addidi
475 4172 603 4259 etiam
622 4196 677 4258 ex
694 4168 817 4275 sacris
834 4169 994 4282 paginis
1013 4165 1211 4256 nonnulla
1222 4162 1433 4280 exempla,
1462 4189 1643 4278 quorum
1663 4191 1810 4255 nume·

231 4294 355 4383 ium,
385 4286 458 4397 qui
485 4282 563 4370 hac
594 4310 722 4398 opera
751 4281 1032 4382 delectantur,
1062 4279 1184 4368 facile
1211 4276 1436 4390 augebunt.
1494 4282 1807 4395 Neque'tame'n

232 4397 471 4487 austoritati
491 4418 632 4484 textus
649 4396 752 4483 sacri
771 4394 928 4510 aliquid
958 4393 1192 4484 detraflum
1218 4396 1370 4498 velim,
1400 4393 1519 4512 quod
1548 4420 1712 4482 errores
1731 4404 1809 4478 nu-'

233 4512 418 4602 mericos
438 4513 483 4599 in
502 4537 600 4603 eum
620 4507 820 4627 irrepsisse
840 4530 958 4625 puto.

1088 4730 1247 4817 ’Νι
1430 4714 1469 4725 ”
1550 4710 1581 4719 '¹
1692 4686 1809 4813 CAss
