4140 5646
238 295 324 401 ηε
472 280 787 375 raanan
827 273 1070 393 aurio.
1109 264 1632 365 numismaruna

243 504 345 592 tidie
356 506 398 590 in
408 502 487 588 suis
498 499 735 614 exterisque
743 488 947 609 portubus
957 484 1270 601 conspeflarurn
1280 480 1482 574 fabricam
1491 484 1770 577 imitarentur.

302 617 415 702 Inter
436 616 607 701 Galliae
625 614 811 727 emporia
827 638 927 725 prae
946 606 1097 695 ceteris
1107 604 1292 713 Maffllia
1310 596 1479 698 floruit,
1509 598 1656 711 (hodie
1675 604 1807 687 Mar-

236 722 431 841 seillel'a
462 726 687 825 Phocaeis,
715 722 902 833 Astatica
921 722 966 809 &
984 719 1232 807 mercatoria
1252 735 1378 830 gente
1397 712 1593 845 fundata,
1622 742 1811 913 <pomum

245 845 373 931 etiarn
392 838 715 928 consuetudines
733 838 843 951 apud
853 838 946 923 illos
964 833 1310 961 perduraverunt.
1366 825 1587 959 Finitrmos
1607 828 1636 913 sr
1666 830 1680 913 i
1702 830 1809 914 Gal·

245 959 308 1039 los
345 952 623 1040 urbanitatem
651 952 921 1050 docuerunt,
957 944 1174 1033 nonnullas
1202 968 1307 1029 vero
1335 967 1391 1026 ex
1408 965 1456 1025 ns
1474 962 1690 1039 natrones,
1731 944 1809 1029 Sa-

249 1071 327 1153 lios
345 1068 621 1181 praecipue&
633 1066 838 1180 Ligures,
867 1064 923 1150 ob
944 1060 1107 1147 divitias
1119 1058 1161 1143 δι
1172 1082 1274 1169 opes
1291 1053 1404 1151 suas,
1421 1052 1647 1143 invidiosos
1656 1082 1824 1169 euper-¹

248 1182 282 1269 ti
309 1180 415 1267 sunt.
503 1180 669 1290 Populo
697 1180 903 1275 Romano,
940 1176 1013 1290 qui
1032 1168 1287 1258 ambitiofins
1305 1191 1432 1284 quam
1451 1164 1632 1267 solebat,
1659 1196 1813 1258 eorum

247 1294 474 1380 amicitiam
493 1288 740 1405 expetebat,
767 1288 925 1402 saepius
944 1287 1100 1373 auxilio
1128 1283 1311 1370 suerunt.
1371 1281 1582 1389 Maffih'en
1599 1310 1680 1392 aare
1710 1282 1814 1372 duas

247 1408 532 1519 navigationes
558 1405 782 1519 scriptores
809 1401 1037 1489 memoriae
1064 1394 1366 1513 prodiderunt,
1406 1392 1680 1480 Euthemenis
1706 1400 1828 1485 ultra'

249 1519 553 1635 AEquatotem,
593 1518 636 1603 &
669 1516 854 1628 Pythiae
893 1512 1030 1600 versus
1068 1512 1421 1624 septentrionem,
1459 1506 1638 1617 Istandia
1667 1530 1817 1613 tenus,

251 1658 359 1745 quae
368 1628 424 1719 ob
442 1630 766 1743 'singularitatem
785 1626 995 1713 fabulosae
1004 1626 1261 1739 Antiquitati
1270 1621 1378 1709 visae
1388 1618 1504 1751 sunt,
1532 1620 1816 1735 sedpollrbili-

252 1768 383 1833 tatem
403 1744 489 1855 ejus
507 1745 570 1830 rei
590 1743 632 1828 &
653 1746 874 1829 veritatem
903 1762 1066 1853 tempus
1097 1737 1303 1849 probavit.
1370 1730 1520 1817 Multis
1540 1734 1819 1848 Maffilienses

254 1858 385 1945 titulis
414 1856 610 1971 Pompeja
638 1853 821 1943 obstridii
849 1870 988 1939 erant:
1030 1852 1125 1935 hinc
1155 1848 1206 1933 ab
1236 1848 1323 1955 ejus
1341 1846 1527 1959 partibus
1546 1869 1694 1935 contra
1715 1851 1819 1938 Cae·

134 1998 139 2007 ·
245 1976 387 2081 starem
406 1968 632 2068 steterunt,
660 1970 734 2082 qui
752 1966 901 2054 urbem
921 1967 1057 2078 cepit,
1086 1960 1178 2075 post
1195 1958 1330 2049 amissa
1352 1960 1438 2047 duo
1457 1960 1615 2047 navalia
1633 1964 1819 2077 proelia,

256 2111 366 2199 quae
394 2084 438 2167 in
456 2082 517 2169 sui
546 2079 830 2169 defensionem
858 2078 1144 2168 sustinuerant.
1211 2074 1385 2162 Praeter
1403 2074 1626 2185 Mafflliam
1653 2078 1821 2167 minora

257 2198 446 2312 emporia
476 2196 621 2283 Gallia
650 2192 816 2294 habuit,
853 2220 961 2311 quae
992 2188 1102 2313 apud
1134 2190 1335 2279 Haterium
1361 2186 1538 2275 ledores
1558 2188 1704 2277 videre
1741 2220 1821 2307 po-

256 2332 411 2401 terunt.
534 2368 540 2379 ·

315 2424 525 2541 Hispana
556 2430 646 2537 (aut
666 2424 811 2515 saltem
832 2424 920 2535 ejus
931 2424 1221 2513 meridionales
1241 2422 1359 2529 orac)
1370 2422 1531 2539 semper
1549 2428 1682 2539 magis
1701 2450 1820 2515 cotn-

258 2540 425 2627 merciis
453 2540 624 2641 claruit,
665 2568 793 2657 quarn
822 2542 980 2627 Gallia.
1065 2536 1171 2625 Eam
1211 2538 1439 2626 Phoenices
1475 2538 1825 2739 frepuentabant,

259 2650 351 2763 ejus
374 2680 429 2740 ue
447 2650 553 2742 hanc
574 2658 798 2769 praecipue
807 2675 993 2768 partem,
1023 2680 1131 2771 quae
1152 2651 1291 2741 versus
1301 2652 1458 2739 fretum
1470 2650 1538 2739 Ga
1568 2656 1730 2743 itanum
1740 2656 1825 2741 cir-

262 2794 309 2853 ca
338 2678 491 2853 baetis
518 2766 668 2855 ostium
697 2770 987 2881 protenditur,
1016 2766 1184 2875 Tharsts
1201 2769 1373 2855 nomine
1393 2770 1572 2885 antiquis
1599 2765 1825 2859 celebrata.

256 2876 375 2979 ,vide
395 2880 558 2967 Ezerh.
576 2910 730 2969 xxvu.
754 2914 818 2969 12.

319 2990 440 3078 Huic
458 2994 757 3111 Hispaniarum
774 3000 883 3110 parti
902 2996 1104 3082 Herculis
1129 2996 1418 3111 expeditiones
1447 2990 1720 3115 vidoriasquc
1750 2994 1825 3087 ad-

261 3102 470 3193 scribunt:
501 3110 545 3193 &
566 3108 754 3225 Colaeeum
802 3108 1022 3208 uemdam,
1052 3109 1255 3209 Samium,
1285 3110 1520 3225 olympiade
1530 3112 1700 3199 circiter
1719 3140 1825 3247 qua-

263 3218 492 3331 dragesima
520 3222 691 3333 quinta,
720 3138 815 3309 cabi
842 3249 895 3307 eo
923 3221 1108 3310 delatum
1138 3222 1330 3323 tradunt,
1359 3222 1472 3309 unde
1490 3222 1687 3339 praedam
1705 3225 1826 3313 dttis-

261 3332 403 3420 snnam
430 3334 732 3447 reportaverit,
759 3337 951 3453 quamvis
975 3334 1058 3446 jam
1077 3360 1173 3423 ante
1193 3364 1291 3425 eum
1310 3336 1716 3453 Sostratesquidam,
1745 3338 1827 3425 ΛΕ-

257 3450 426 3561 girata,
445 3448 634 3533 Graecus
659 3452 852 3548 natione,
880 3477 934 3537 eo
961 3450 1013 3535 ad
1045 3451 1179 3537 ulerit.
1240 3450 1491 3559 Phocenses,
1519 3450 1709 3561 aPersts
1725 3452 1831 3561 Asta

261 3558 388 3669 pulli,
416 3562 461 3647 in
487 3560 559 3647 has
587 3583 716 3650 terras
744 3566 787 3650 ol
818 3562 982 3678 mpiade
1008 3476 1098 3649 bere
1117 3562 1364 3677 sexagesima
1393 3564 1534 3651 oslava
1552 3562 1829 3652 advenerunt.

265 3672 504 3761 Phoenicas
537 3680 700 3787 argenti
728 3592 898 3761 sobnae
938 3676 1195 3776 alliciebant,
1233 3700 1398 3766 montes
1426 3680 1589 3789 argenti
1614 3678 1829 3767 veteribus

265 3780 388 3883 dieti,
418 3782 534 3895 cujus
554 3808 711 3873 tantam
730 3790 895 3899 copiam
913 3790 1188 3889 invenerunt,
1214 3800 1263 3877 ut
1281 3790 1481 3877 anchoras
1501 3811 1727 3907 ceteraque
1755 3818 1831 3879 na·

264 3894 371 3983 valia
387 3898 659 3985 instrumenta
678 3917 875 4008 argentea
901 3899 973 3986 fibi
993 3925 1198 4014 pararent.
1256 3904 1326 3989 De
1346 3904 1644 4102 Hipaiaiarum
1661 3905 1833 3993 aerariis

264 4006 476 4097 structuris
494 4012 696 4121 superiori
724 4009 1007 4099 dissertatione
1036 4013 1215 4103 disserui.
1274 4017 1418 4103 Pretio
1437 4044 1478 4103 as
1498 4044 1682 4118 merces,
1710 4045 1834 4133 prac-

266 4140 333 4207 ter
343 4124 531 4253 metalla,
558 4123 1011 4263 plurimas-Hispaniae·
1025 4128 1279 4265 fundebant,
1308 4152 1354 4217 ut
1376 4132 1543 4232 vinum,
1570 4133 1703 4233 lanas,
1729 4158 1835 4330 pan·

265 4258 367 4335 nos,
394 4235 521 4321 lmtea
551 4242 676 4353 (quae
708 4266 834 4353 prrmt
862 4242 1113 4355 excogitasse
1143 4243 1361 4349 dicuntur)
1377 4246 1484 4344 mel,
1514 4270 1678 4346 ceram,
1709 4274 1732 4333 c
1765 4272 1835 4359 ry·

265 4347 486 4449 socollam,
514 4354 712 4454 minium,
750 4352 806 4439 sal
833 4352 992 4454 fossile,
1028 4356 1349 4458 salsamentaria,
1388 4358 1432 4445 de
1452 4358 1527 4444 lini
1555 4384 1686 4469 genus
1714 4360 1835 4473 quod

109 4434 111 4439 ⁵
243 4486 249 4497 ·
257 4466 451 4577 spartum
480 4486 655 4567 vocant,
694 4466 810 4579 cujus
839 4468 894 4558 ad
909 4469 1029 4559 funes
1057 4472 1219 4585 aliaque
1247 4472 1405 4563 navalia
1425 4470 1696 4563 instrumenta
1723 4472 1837 4672 mpl-

932 4605 935 4611 ’
1704 4604 1839 4701 trpex
