4140 5646
398 300 485 390 262-
637 276 1757 396 ‘rnnunanquuumsMnrun
1883 202 1890 225 ’

402 501 658 602 rationibus,
692 499 1022 616 compleiietum
1054 499 1162 585 ratio
1181 520 1285 582 vero
1302 494 1433 591 librae
1445 494 1715 612 Averdnpris
1733 494 1785 583 ad
1805 494 1976 586 Troian-

396 620 487 728 fem
507 618 567 704 illi
587 618 772 701 numeris
795 641 898 721 175:
934 642 1027 722 144.
1047 615 1312 710 continetur,
1342 638 1450 725 quae
1469 640 1492 695 a
1512 636 1615 697 veru
1644 612 1818 725 propius
1837 610 1976 701 forsan

404 756 531 862 quam
548 726 686 816 nostra
702 724 826 815 abest.
884 725 1124 813 Secundum
1144 726 1221 811 Dr.
1243 722 1500 823 Wibertm,
1528 749 1655 839 quem
1677 744 1725 811 ut
1744 724 1978 837 diligentis-

405 853 551 932 itmum
580 843 717 953 Jonas
746 842 921 927 Moorus
949 841 1074 937 citat,
1122 836 1271 923 eadem
1303 840 1412 924 ratio
1439 856 1603 923 tantum
1632 835 1691 923 est
1719 861 1767 924 ut
1792 864 1866 943 17:
1902 871 1977 952 14,

405 957 598 1072 adeoque
617 957 803 1040 Romana
821 953 889 1039 vel
908 952 1178 1065 Averdupois
1205 952 1330 1035 uncia
1359 950 1410 1036 ad
1430 951 1669 1061 Troyensem
1689 948 1900 1051 sehabet,
1926 976 1976 1043 ut

404 1098 482 1178 51:
515 1076 579 1174 56.
667 1064 908 1153 Secundum
940 1064 1181 1178 episcopum
1200 1064 1349 1149 unciae
1379 1066 1586 1149 Romanae
1614 1088 1741 1175 grana
1759 1062 1975 1177 Troyensta

404 1211 554 1292 4375,
585 1180 758 1278 cedunt,
778 1178 1008 1266 secundum
1027 1175 1163 1264 nostra
1184 1180 1401 1263 ratiocinia
1415 1179 1460 1261 'in
1482 1176 1669 1277 tabulis,¹
1690 1177 1854 1264 nonnisi
1872 1200 1976 1287 4375

379 1297 588 1407 ‘quotum
609 1311 683 1398 7ma
711 1320 827 1406 pars,
847 1288 1045 1377 denarius
1054 1293 1192 1402 granis
1209 1294 1303 1394 623
1328 1291 1510 1406 aequalia
1532 1290 1602 1378 est.
1662 1288 1828 1379 Medici
1840 1294 1974 1412 Angli

402 1407 510 1524 Troy
530 1405 679 1495 libram
698 1407 809 1495 hunc
829 1409 874 1493 in
890 1406 1066 1494 modum
1095 1400 1357 1492 distribuunt
1649 1421 1652 1425 ’

421 1714 428 1720 .,
601 1635 799 1721 Granum

576 1749 1119 1876 .t‘''{0“13crupunm
1246 1766 1248 1771 ‘

607 1879 616 2010 Ι
703 1909 758 1987 60
846 1909 857 2013 1
974 1932 993 2004 3
1103 1897 1338 2012 lDrachmr
1553 1929 1564 1946 ·
1911 2008 1914 2013 ³

607 2053 615 2145 Ι
693 2048 776 2153 480
841 2043 1008 2163 ¹...)st
1219 2040 1242 2126 8
1350 2013 1507 2141 {Uli-cia

601 2173 612 2285 Ι
682 2175 796 2278 5760
845 2176 855 2275 Ι
853 2170 1027 2297 *9,88
1103 2168 1112 2270 Ι
1209 2164 1353 2296 ᾖξ’-Ι
1455 2196 1518 2275 rr¹
1587 2154 1758 2277 *Libra

456 2408 633 2497 Libram
654 2409 892 2520 Parisinaem
903 2415 1060 2498 unciae
1082 2417 1132 2495 16
1152 2429 1441 2526 componunt,
1468 2426 1647 2525 quarum
1656 2411 1853 2526 quaeris,
1880 2412 1975 2499 An·

395 2524 510 2639 glica
528 2520 634 2636 Troy
653 2548 780 2635 grana
799 2555 925 2635 472‚5
955 2523 1262 2638 complebitur.
1320 2524 1489 2613 Harum
1516 2523 1671 2610 medici
1695 2552 1745 2609 12
1773 2526 1818 2611 in
1837 2525 1974 2615 medi·

399 2663 494 2721 cam
522 2637 670 2723 libram
698 2661 968 2751 computant,
1005 2664 1114 2755 quae
1142 2641 1266 2753 proin
1284 2668 1308 2726 a
1325 2638 1465 2726 nostra
1491 2637 1596 2725 libra
1626 2668 1682 2751 90
1708 2640 1849 2751 granis
1868 2640 1974 2731 defi·

400 2752 538 2851 ciens,
567 2749 675 2861 Troy
694 2778 819 2864 grana
840 2761 951 2861 5670
971 2759 1101 2867 capit:
1132 2781 1365 2869 eorumque
1385 2756 1530 2853 uncia,
1560 2752 1697 2839 nostra
1724 2756 1849 2842 uncia
1877 2780 1974 2868 gra·

399 2866 462 2949 nis
483 2882 528 2974 73.
546 2866 681 2952 levior
699 2864 780 2965 est,
810 2895 1045 2984 eorumque
1065 2866 1283 2969 drachma,
1312 2872 1460 2957 unciae
1478 2867 1647 2954 illorum
1664 2868 1728 2953 8⁹³
1745 2894 1864 2983 para,
1890 2894 1971 2957 no·

399 2976 478 3063 stra
496 2992 533 3081 ἕξ
552 2981 671 3090 grani
690 2979 874 3093 partibus
891 2982 1049 3069 ibidem
1067 2980 1283 3070 leviorest.
1341 2983 1555 3097 Quoniam
1573 3006 1679 3068 vero
1698 2990 1784 3086 576·
1799 2981 1972 3073 suorum

400 3116 626 3202 granorum
649 3095 697 3181 'in
716 3093 830 3181 suam
850 3099 1017 3182 unciam
1037 3118 1284 3197 numerant,
1318 3096 1364 3183 id
1382 3095 1584 3208 majorem
1602 3093 1766 3211 semper
1785 3098 1832 3183 in
1847 3098 1972 3209 gurni

398 3205 688 3316 magnitudine
717 3205 997 3305 differentiam
1019 3213 1150 3324 parit,
1189 3239 1287 3298 cum
1309 3238 1435 3323 grana
1454 3209 1649 3297 nostratia
1684 3238 1777 3317 105.
1797 3208 1971 3301 illorum

399 3344 626 3429 granorum
650 3324 725 3409 128
740 3345 988 3438 exaequent.
1047 3321 1171 3409 Haec
1182 3325 1236 3413 de
1257 3326 1496 3411 Galliarum
1514 3323 1690 3410 medicis
1710 3321 1970 3439 ponderibus

392 3433 518 3541 (licet
538 3430 794 3540 recentibus)
805 3437 990 3524 breviter
1000 3436 1220 3538 differere,
1249 3437 1506 3551 apropofitd
1526 3436 1667 3524 nostro
1686 3442 1971 3529 alienumnou

397 3544 469 3632 est.
487 3546 716 3635 Caeterum
738 3552 879 3638 videas
899 3552 1079 3665 Hooperi
1097 3552 1151 3637 de
1200 3552 1427 3639 onderibus
1446 3553 1490 3639 δι
1510 3551 1710 3638 mensuris
1730 3550 1970 3645 trastatum.

456 3660 651 3743 Denario
689 3671 729 3745 ὅτ
778 3665 971 3750 drachma
1007 3669 1050 3751 in
1095 3695 1152 3779 po
1187 3690 1337 3765 erum,
1395 3670 1438 3752 in
1475 3665 1755 3755 subducendis
1800 3663 1969 3757 doiium

396 3789 592 3855 ueterum
620 3771 883 3862 medicorum
913 3780 1166 3881 rationibus,
1203 3802 1400 3896 tanquam
1422 3783 1601 3867 nummis
1620 3802 1739 3882 utar,
1774 3781 1969 3897 utrisque

398 3908 624 3992 granorum
654 3884 761 3998 Troy
792 3895 844 3974 62
872 3906 910 3992 ξς
938 3898 1151 4004 reputatis.
1238 3894 1482 3981 ‘Drachmae
1510 3894 1695 3994 sextans,
1722 3893 1805 3980 five
1824 3893 1968 3983 obolus

398 3996 597 4096 Atticus,
627 4026 760 4114 aeque
780 4030 827 4087 ac
857 4003 1044 4107 denarii,
1079 4008 1265 4112 sextam,
1295 4036 1423 4127 quem
1443 4009 1587 4121 Celfiaes
1623 4005 1838 4111 adhibuit,
1866 4035 1968 4123 gra·

394 4109 461 4190 nis
489 4106 579 4194 fere
604 4139 698 4222 10‚4
716 4117 895 4227 aequalis
915 4118 985 4206 est.

453 4218 709 4310 Drachmam
729 4227 1008 4340 Happorrates
1026 4262 1327 4355 nonnunquam
1345 4237 1593 4355 AEginaeanr
1611 4237 1841 4352 producit,
1852 4259 1967 4351 quae

398 4332 551 4416 Attica
567 4338 611 4419 in
634 4341 795 4426 ratione
818 4372 854 4447 5.
878 4377 895 4446 3
922 4353 1088 4457 gravior
1109 4352 1179 4439 est.
1237 4351 1968 4462 Commentationishujnsinitiuma

394 4444 1967 4584 modopraescribendiHippocrarisfaciamquimedicamentorumsuorunt
2048 4460 2062 4479 '

392 4556 518 4645 doses
529 4562 924 4672 profedorariffime
935 4576 1604 4696 adscripsit:quodexindeiorsan
1613 4574 1973 4779 ,quonam-Q
