4140 5646
238 253 324 362 256
472 246 788 340 TABULAE
817 244 1058 363 ANTIQ.
1096 238 1612 336 NUMISMATUM

247 468 306 552 tei
326 462 637 565 confessiones,
663 463 905 579 praecipuas
922 458 1224 577 AEgyptiarnan
1244 485 1392 573 operas
1411 456 1493 545 elle
1512 456 1667 546 scribit.

300 581 393 693 Qui
410 578 455 664 su
486 581 671 665 eriorum
691 576 915 664 Caesarum
934 577 1147 663 neminem
1166 600 1252 661 non
1272 576 1428 660 virtute
1440 576 1712 688 exaequavit,
1742 577 1821 663 im·

247 714 416 804 perator
493 692 637 789 robus,
676 690 857 778 tuendae
940 706 1121 775 ttotum
1139 687 1363 803 imperium
1382 689 1499 799 pacis
1519 714 1665 773 curam
1682 688 1822 775 solici-

248 804 399 893 tisllme
426 808 529 918 egit.
615 803 814 893 Subditos
834 834 857 891 a
885 716 1045 891 bbllicis
1063 799 1206 887 studiis
1225 800 1278 887 ad
1298 800 1594 913 agriculturam
1615 824 1823 890 mercatu-

248 946 393 1005 tamve
431 918 679 1006 traducendi
717 918 933 1006 confilium
963 912 1138 1015 habuit,
1177 913 1295 1030 quod
1329 914 1547 1001 secuturus
1585 920 1823 1005 exercitum

250 1032 368 1119 suum
406 1031 568 1145 semper
606 1034 650 1119 in
688 1033 782 1119 utili
823 1034 963 1147 aliquo
1004 1054 1133 1143 opere
1173 1031 1410 1143 occupavit.
1505 1026 1688 1144 Imperio
1734 1054 1824 1119 tam

251 1147 362 1231 utilis
388 1173 457 1232 res
495 1151 538 1232 in
567 1146 830 1259 imperatoris
859 1146 1091 1259 perniciem
1119 1145 1283 1258 erupit,
1321 1142 1379 1229 ob
1408 1143 1591 1229 militum
1611 1144 1825 1257 conspira-

253 1261 437 1358 tionem,
477 1262 550 1373 qui
577 1260 742 1346 labores
772 1284 896 1370 aegre
925 1255 1213 1373 patiebantur,
1250 1282 1390 1371 neque
1408 1260 1563 1343 veteris
1583 1256 1825 1369 disciplinae

251 1372 542 1461 reduslionem
570 1373 750 1459 tolerare
787 1392 996 1485 poterant.
1083 1368 1348 1471 Fluminum,
1386 1370 1574 1484 inprimis
1604 1370 1730 1471 Nili,
1767 1374 1825 1459 al-

253 1513 355 1572 veos
384 1506 432 1571 ut
459 1482 619 1572 facilius
654 1488 839 1597 navigari
868 1482 1031 1599 possent
1070 1482 1270 1570 dilatavit.
1357 1484 1543 1569 Romana
1570 1488 1826 1575 commercia

251 1598 327 1685 sub
348 1602 616 1689 Diocletiano
636 1597 849 1685 debilitata
868 1600 970 1697 lint,
997 1594 1159 1685 necesse
1179 1595 1328 1697 est,ob
1347 1598 1602 1683 Britanniae
1621 1596 1826 1687 defessio-

254 1738 376 1812 nem,
406 1710 639 1821 aCaraafio
668 1715 904 1825 inceptam,
943 1713 987 1799 &
1015 1708 1068 1797 ab
1089 1714 1238 1798 Alet'te
1264 1714 1563 1799 continuatam.
1631 1712 1825 1823 Carnaſsa

255 1822 498 1913 Britannica
516 1824 648 1912 classis
667 1824 880 1913 commissa
897 1824 1058 1942 fuerat,
1088 1854 1170 1941 qua
1180 1824 1438 1912 Francorum
1456 1824 1722 1915 Saxnnnrnve
1739 1854 1826 1915 ma·

256 1939 394 2023 ritima
421 1940 640 2026 latrocinia
667 1942 942 2052 reprimerete
973 1941 1018 2025 in
1038 1967 1121 2055 qua
1140 1966 1187 2025 re
1205 1937 1289 2025 sese
1309 1939 1482 2053 quidem
1492 1937 1662 2027 fortiter
1680 1938 1827 2053 gessit,

255 2048 329 2135 sed
357 2077 444 2136 non
463 2074 508 2139 ut
526 2052 688 2139 bonum
706 2057 844 2140 vitum
864 2053 1014 2155 decet,
1041 2076 1207 2167 captam
1226 2054 1339 2139 enim
1356 2052 1714 2166 praedaminsuos
1732 2054 1825 2143 usus

258 2167 484 2250 convertit.
569 2164 835 2279 Imperatoris
884 2166 994 2255 oster
1014 2170 1187 2263 nomine
1206 2164 1421 2265 adsumto,
1450 2166 1649 2281 Angliarn
1660 2166 1827 2271 invest,

259 2276 304 2362 dr
326 2274 483 2364 asocio
501 2278 650 2367 Alecto
676 2280 832 2369 intetfe
874 2308 921 2369 us
941 2278 1012 2369 est.
1056 2278 1258 2396 ''AEgypti
1295 2277 1464 2367 audere
1492 2278 1682 2367 Achilleo
1710 2280 1827 2371 dese·

258 2388 344 2475 slio
374 2412 633 2481 mercaturae
653 2396 864 2483 Romanae
883 2395 1019 2483 rursus
1039 2397 1203 2483 ruinam
1222 2393 1481 2491 minabatur
1513 2393 1737 2481 Achilleus
1754 2424 1827 2485 ve·

259 2530 310 2589 ro
329 2503 570 2594 interfeslus
588 2506 670 2608 est,
700 2508 745 2595 &
768 2510 1023 2597 commercia
1040 2506 1101 2595 ibi
1119 2510 1419 2596 Diocletianus
1435 2504 1687 2595 instauravit.
1742 2508 1827 2597 Per

259 2614 365 2704 haec
392 2615 482 2706 fere
513 2640 704 2737 tempora
733 2620 917 2718 Saxones
935 2624 1154 2711 maritimis
1171 2620 1253 2711 suis
1281 2622 1533 2721 latrociniis,
1572 2620 1618 2709 dr
1637 2622 1827 2711 Gallicae

261 2730 591 2820 Britannicaeoe
609 2762 709 2823 otae
727 2736 1100 2840 devastationibus,
1128 2762 1207 2825 nec
1227 2764 1315 2826 non
1331 2736 1530 2836 coloniis,
1557 2732 1712 2851 quibus
1730 2764 1828 2829 otae

260 2841 349 2952 ejus
378 2868 538 2955 partem
567 2873 906 2964 occupaverunt,
940 2855 1125 2985 primum
1152 2854 1353 2937 Romanis
1369 2852 1658 2937 innotuerunt.
1727 2852 1829 2941 Con-

252 2960 433 3069 stantina
470 2960 750 3051 asandarum
788 2964 1109 3055 &bellicarum
1145 2994 1288 3054 rerum
1314 2992 1415 3052 cura
1452 2962 1615 3051 nullum
1653 2966 1827 3055 omuino

264 3090 430 3186 tempus
458 3073 652 3178 vacabat,
698 3105 787 3211 quo
816 3079 870 3169 de
908 3101 1143 3168 mercatura
1171 3083 1400 3192 cogitaret,
1438 3107 1547 3196 quae
1575 3102 1653 3193 pet
1678 3076 1829 3167 condi·

265 3204 351 3273 tam
380 3188 759 3389 Constantinopolim
784 3196 974 3283 omnium
1003 3220 1145 3283 rerum
1171 3190 1377 3282 summam
1403 3193 1715 3281 revolutionem
1740 3190 1827 3309 pas·

261 3300 436 3397 saerata
475 3330 587 3391 nunc
646 3312 881 3417 yzaatiurn
908 3308 1227 3396 Alexandrinae
1253 3335 1379 3396 naves
1404 3304 1692 3410 advehebant,
1729 3332 1830 3423 quas

261 3416 377 3527 ptius
404 3416 574 3503 Romam
601 3420 848 3511 invexerant
876 3448 1050 3511 merces.
1118 3422 1231 3511 Cum
1249 3424 1408 3507 Italiae
1427 3421 1581 3508 damno
1598 3446 1710 3509 nova
1727 3418 1831 3509 haec

263 3528 511 3641 metropolis
539 3530 721 3621 habitata
749 3536 840 3638 est,
889 3563 1067 3652 eamque
1106 3535 1209 3623 haec
1238 3538 1402 3623 colonia
1440 3534 1604 3621 colonis
1630 3532 1831 3623 exhausit.

263 3636 533 3729 Mercaturae
562 3672 705 3733 curam
723 3648 810 3761 ipse
839 3650 1206 3764 Constantinopolis
1232 3650 1329 3736 satus
1357 3646 1657 3761 suscipiendam
1686 3646 1833 3737 suade·

263 3752 358 3850 bat,
384 3753 496 3839 unde
518 3754 604 3863 ejus
627 3763 863 3849 commodis
882 3765 1055 3875 egregie
1074 3766 1118 3848 in
1152 3758 1414 3873 Theodafiano
1442 3762 1593 3849 codice
1622 3758 1668 3847 dr
1696 3760 1834 3877 Juni-

265 3868 408 3951 nianeo
436 3866 701 3979 prospeslum
720 3872 802 3961 esse
820 3876 1026 3964 videmus.
1083 3878 1312 3963 Gothorum
1335 3875 1476 3991 postea
1495 3878 1720 3963 aliarumve
1740 3874 1833 3963 bar·

266 3980 457 4065 betarum
495 3984 683 4091 gentium
720 3989 973 4102 irruptiones
1011 3990 1119 4079 adeo
1158 3992 1324 4106 imperii
1352 3992 1529 4075 Romani
1556 3990 1666 4076 vires
1692 3985 1834 4101 frege-

266 4112 387 4187 runt,
425 4098 640 4225 utopotius
669 4126 751 4213 qua
769 4105 933 4190 ratione
959 4104 1045 4191 sese
1064 4126 1308 4204 tuerentur,
1347 4131 1474 4220 quant
1495 4104 1550 4189 de
1569 4101 1835 4219 acquirendis

264 4230 523 4291 commercio
551 4206 707 4297 divitiis
737 4218 987 4326 cogitarent.
1056 4217 1154 4304 Post
1174 4218 1331 4303 Gothos
1359 4215 1625 4303 Madamedis
1658 4214 1835 4305 sedato·

265 4344 355 4413 res,
384 4316 571 4418 Arabes,
600 4324 776 4412 Gothica
796 4332 983 4437 potentia
1002 4330 1129 4439 longe
1148 4328 1457 4417 formidolosius
1486 4330 1685 4417 Romanis
1700 4332 1835 4445 impc-

264 4433 373 4558 rium
393 4429 688 4521 condiderunt.
766 4442 1039 4527 Romanorum
1059 4443 1224 4554 imperii
1244 4444 1419 4555 pertaesi
1447 4440 1509 4529 AE
1532 4444 1674 4558 yptii,
1702 4444 1834 4531 Sara·

262 4573 376 4633 cenas
404 4540 445 4631 se
473 4542 773 4649 subdiderunta
804 4554 957 4641 Cairns
983 4555 1105 4641 Arana
1133 4558 1259 4645 Dran.
1290 4560 1388 4667 484.
1416 4583 1501 4645 con
1533 4559 1589 4645 'te
1606 4554 1691 4669 est,¹
1724 4586 1835 4759 ςυέε

1735 4698 1835 4757 urs
