4140 5646
436 256 867 357 MENSURARUM
893 264 979 359 ET
1005 262 1386 359 PONDERUM..
1590 294 1674 375 ²29

106 469 287 669 impf'rio
306 470 357 559 ab
377 500 452 563 ora
471 476 603 592 Epiri
621 492 641 539 ⁶
651 509 677 579 ,·
694 482 992 594 promontorio
1028 482 1178 567 Malea
1197 476 1375 580 ltenus,
1401 473 1578 563 Romani
1596 498 1674 587 po-

106 601 175 671 trtr
210 606 298 671 unt.

162 696 252 811 Qui
270 700 383 787 circa
403 700 599 814 Spartam
626 707 877 795 maritimam
905 734 1025 795 oram
1044 706 1117 794 srbi
1136 704 1366 817 subjecerat
1397 700 1558 801 Nabis,
1584 726 1672 789 ma·

101 808 255 897 ritimis
272 809 356 907 suis
374 812 602 905 latrociniis
622 821 999 937 Peloponnesiorum
1027 822 1218 906 omnium
1247 820 1550 905 commercium
1580 836 1670 900 tur·

101 918 245 1009 bando
272 952 485 1016 armorum
514 932 789 1020 Romanarum
817 938 903 1021 vim
932 936 1091 1048 primus
1110 931 1203 1045 post
1221 932 1315 1017 illos
1341 934 1385 1015 in
1413 930 1456 1015 se
1478 923 1667 1014 deflexit.

98 1030 215 1124 Eum
235 1042 380 1125 conlul
407 1042 680 1157 quadraginta
699 1046 873 1135 navibus
882 1046 1078 1147 adortus,
1105 1043 1222 1131 tediis
1256 1044 1435 1130 Rhodiis
1461 1038 1669 1154 duodeviq

98 1150 231 1261 ginti,
261 1150 307 1237 dc
341 1152 542 1241 Eumenis
569 1156 711 1258 denis,
749 1180 884 1249 totam
909 1156 1098 1257 elaffem,
1134 1178 1299 1270 praeter
1326 1155 1428 1240 duas
1447 1150 1668 1253 abluarias,

99 1259 290 1363 tradere,
319 1267 542 1384 captasque
558 1270 789 1369 latrociniis
807 1300 934 1361 naves
952 1268 1280 1359 conduiioribus
1299 1266 1478 1353 reddere
1509 1264 1667 1395 coegit.

97 1370 251 1463 Homo
261 1374 313 1461 ad
334 1378 482 1467 incitas
492 1383 683 1471 redailus
703 1408 842 1473 tamen
853 1412 1023 1501 parvam
1033 1386 1188 1473 iterum
1197 1378 1363 1468 claffem
1383 1394 1665 1489 comparavit,

99 1512 289 1602 cumque
308 1490 469 1579 Achaei
486 1497 694 1609 proelium
712 1502 948 1600 iniverunt,
974 1524 1060 1586 non
1079 1494 1316 1609 exspei'rrta
1335 1496 1521 1579 Romana
1531 1484 1664 1575 classe.

99 1600 1209 1725 Philopoemenem,ejusclaffispraefedluin,pedestris
1222 1605 1396 1723 quidem
1406 1602 1577 1689 militiae
1617 1626 1663 1687 e·

93 1712 354 1815 ritissimum,
382 1724 573 1809 nauticae
596 1750 699 1811 vcro
718 1726 942 1823 rudem,in
962 1722 1106 1835 'fugam
1116 1720 1255 1807 Nabis
1267 1720 1408 1816 vertit.
1467 1713 1574 1847 Qun
1590 1738 1660 1799 ac·

94 1846 144 1915 to
165 1827 353 1918 inducias
378 1858 476 1919 cum
505 1836 662 1948 populo
691 1839 873 1925 Romana
899 1836 1022 1934 fecit,
1056 1833 1207 1953 quibus
1232 1832 1370 1919 adbuc
1399 1825 1660 1913 durantrbus

94 1938 150 2025 rb
176 1936 341 2143 AEtffis
367 1944 611 2035 intersedus
630 1947 701 2038 est.
787 1948 854 2039 Eo
874 1972 1049 2041 mortuo
1066 1948 1323 2039 Achaeorum
1341 1940 1508 2031 foederi
1526 1937 1658 2053 Spar·

92 2067 145 2139 u
160 2082 261 2143 acce
295 2078 341 2143 rt.
1693 2114 1698 2125 ·

151 2169 327 2270 Rhodii,
354 2171 457 2259 licet
475 2172 649 2264 foedere
668 2174 903 2287 coniunsti,
931 2180 1205 2265 Romanarum
1222 2174 1360 2261 nimiis
1369 2168 1586 2297 maritimis
1594 2164 1658 2297 yi-

90 2278 206 2367 ribus
224 2308 479 2397 magnopere
497 2290 752 2379 invidebant.
830 2288 922 2378 Sibi
942 2289 1062 2391 belli,
1089 2290 1207 2407 quod
1227 2290 1382 2397 ‘Persea
1399 2284 1574 2373 Remeat
1592 2302 1658 2365 m·

90 2392 296 2497 tulerant,
323 2396 569 2489 arbitratum
588 2406 798 2515 permitti,
825 2402 1097 2492 vehementer
1115 2400 1367 2516 cupiebant.¹
1410 2396 1564 2525 legati
1583 2416 1657 2477 eo-

86 2530 184 2595 rum
201 2509 246 2595 in
266 2506 465 2599 Senatum
485 2515 645 2605 admilli
663 2518 847 2605 ferocius
867 2518 1001 2605 locuti
1019 2516 1159 2631 deque
1178 2514 1366 2627 plurimis
1384 2510 1657 2621 injuriisque·

86 2614 136 2706 sti
161 2618 278 2707 sunt:
319 2622 486 2711 devidlo
514 2654 618 2728 uero
648 2634 803 2740 Perseo
830 2628 1100 2717 confiliorum
1129 2630 1337 2714 rationem
1365 2632 1659 2711 mutaverunt,

85 2730 131 2820 dt
160 2732 354 2844 pristinae
380 2733 555 2823 feritatis
582 2742 748 2855 culpam
776 2745 819 2828 in
848 2768 1005 2853 paucos
1035 2744 1220 2853 privatos
1247 2735 1510 2846 rejecerunt,
1537 2724 1656 2863 quud

80 2842 327 3043 gemilium,
364 2848 513 2961 quiex
536 2850 626 2961 'ejus
655 2854 791 2963 gentis
819 2854 1042 2971 prudentia
1068 2849 1337 2965 spedaverit,
1373 2870 1502 2933 nemo
1530 2866 1655 2929 mnt-

111 2976 210 3043 rtur.
1502 3031 1505 3038 .

140 3082 159 3127 ⁶
180 3070 388 3179 Perseus,
417 3072 557 3187 postea
576 3103 704 3191 quam
722 3079 915 3166 finitimas
934 3100 1082 3193 gentes
1100 3080 1153 3165 ad
1172 3076 1270 3165 belli
1289 3075 1542 3186 sacietatem.
1557 3096 1652 3185 per·

79 3180 247 3269 trahere
263 3180 409 3271 frustra
436 3190 744 3290 conatorem,
772 3192 1068 3307 Carthaginem
1086 3190 1248 3305 legatos
1257 3188 1391 3289 mifit,
1451 3186 1494 3271 ui
1514 3186 1652 3271 Pani·

79 3324 169 3379 ram
190 3317 361 3405 gentem
379 3300 615 3388 inveterato
635 3306 678 3388 in
699 3305 903 3390 Romanas
921 3304 1024 3390 odio
1042 3302 1331 3391 incenderent.
1387 3296 1426 3383 C
1498 3324 1567 3383 em
1588 3300 1650 3407 ip·

77 3408 122 3495 se
141 3408 427 3514 numerosam,
455 3412 499 3499 dr
519 3416 562 3499 in
582 3441 631 3501 ea
659 3418 858 3503 maximas
886 3416 1104 3502 nonnullas
1133 3441 1259 3503 naves
1288 3408 1445 3498 habuit.
1531 3406 1646 3492 Rem

76 3522 289 3618 nauticam
317 3516 486 3611 int'brim
506 3528 683 3613 Romani
700 3526 867 3642 paulum
887 3530 1181 3640 neglexerant,
1209 3552 1347 3639 neque
1368 3520 1546 3653 remigio'
1566 3544 1644 3620 eo,

77 3658 166 3746 qun
179 3632 435 3741 debuerant,
455 3638 693 3727 instruiiam
704 3638 870 3729 clallem
882 3639 1111 3729 habebant.
1144 3638 1308 3726 Verum
1329 3630 1647 3746 terrestrrproe·

74 3744 136 3831 lio
155 3769 368 3857 reportata
387 3752 558 3838 vidioria
578 3754 776 3842 celeriter
793 3754 1012 3842 certamini
1020 3754 1147 3841 linem
1167 3752 1373 3838 fecerunt.
1420 3744 1510 3859 lpse
1530 3745 1644 3832 Per·

66 3862 169 3967 seras
181 3860 223 3945 in
234 3859 362 3947 insula
373 3862 683 3965 Samothracia,
702 3894 790 3980 quo
799 3868 989 3980 fugerat,
1008 3854 1646 4059 captusRomamEduflusesp
1694 3951 1698 3959 .

71 3966 179 4058 Hoc
197 3970 328 4086 ipsum
348 3974 451 4061 illud
471 3976 625 4065 bellum
648 3978 728 4080 est,
756 3980 917 4097 quode
947 4006 1105 4091 ugnato
1126 3978 1312 4063 Paullus
1419 3974 1646 4101 alrasregra

70 4082 140 4171 illa
159 4086 254 4172 navi
274 4085 458 4173 sedecim
478 4090 675 4177 ordinum
687 4093 851 4192 vetius,
916 4092 1064 4179 iberita
1083 4091 1268 4178 intravit.
1326 4082 1643 4195 Persersortem

1557 4309 1643 4394 Ra·

63 4517 123 4639 me
257 4500 440 4595 Macedoniam
465 4507 542 4571 lnter
562 4504 590 4571 dt
612 4527 692 4575 mare
717 4501 856 4625 yoniam!
873 4509 939 4589 Cape
960 4508 1051 4572 Malla
1074 4510 1104 4571 ln
1124 4507 1228 4573 Meta.
1288 4498 1441 4581 eObmp·
1463 4509 1529 4573 ¹30·
1547 4494 1585 4559 Δ·
1601 4492 1640 4553 V·

185 4596 195 4644 t
228 4580 321 4644 nadre
335 4580 436 4648 &nea
455 4586 618 4667 appetem·
697 4586 834 4655 dliadtc
848 4628 856 4647 .
871 4588 906 4651 c.
926 4602 991 4663 575.

951 4662 1064 4767 Fr,

70 4198 198 4286 etiam
216 4194 729 4313 llyriaramrexGertius
745 4204 881 4295 subiit.
