4140 5646
453 216 1568 355 nruusuxnxunrurrouuaxum.
1748 286 1834 370 257

250 468 351 559 urbs
370 472 412 555 in
434 471 640 557 aemulam
660 475 909 559 commercii
932 474 1367 591 Corrstoutiuopoliraui
1394 480 1605 579 excrevit,
1642 474 1745 563 licet
1772 475 1828 562 ob

248 576 532 672 feliciffimum
552 585 675 673 fitum
694 589 874 674 maxima
894 586 1057 699 semper
1077 596 1334 679 commercia
1355 594 1717 705 Constantinopolis
1741 592 1828 701 agi-

248 702 415 787 taverit.
474 699 547 787 Ille
576 700 739 817 dequo
768 700 912 814 supra,
951 704 1225 817 Berujamiuus
1252 706 1306 793 de
1337 707 1571 802 Navarra,
1611 704 1826 816 Judaeus,

249 816 440 899 omnium
463 816 653 925 gentium
678 839 962 902 mercatorum
983 814 1286 906 confluentiam
1305 848 1354 905 ea
1373 818 1457 905 sese
1476 820 1579 907 urbe
1599 816 1741 905 vidisse
1762 839 1826 903 te·

245 924 420 1025 statura
441 926 524 1013 hoc
552 928 718 1015 saeculo
745 930 1202 1018 circiter'duodecimo
1226 935 1487 1044 contigerat.¹
1566 932 1693 1017 Circa
1710 930 1825 1017 idem
1941 1002 1944 1007 .

235 1062 416 1153 ,tempus
437 1041 489 1125 ad
509 1042 657 1127 Indiae
685 1043 866 1131 confinia
886 1043 1017 1156 postca
1047 1046 1216 1153 Perstra
1236 1045 1355 1143 urbs,
1395 1047 1463 1129 Ba
1493 1045 1576 1129 dud
1589 1064 1826 1129 mercatura

244 1150 404 1240 florere
442 1156 633 1265 incepit,
681 1154 783 1241 dum
821 1156 991 1251 Indicae
1022 1185 1190 1243 merces
1239 1159 1391 1245 exinde
1441 1076 1822 1270 &nstantiropolim

245 1266 645 1354 transmittebantur.
733 1269 845 1357 Cum
875 1273 1231 1384 Cariophyllorum
1258 1271 1397 1383 gustus
1425 1269 1477 1357 ad
1508 1272 1756 1354 Latinorum
1778 1269 1823 1355 &

247 1381 498 1467 Graecorum
517 1382 700 1493 palatum
731 1384 884 1468 mitum
904 1387 949 1469 in
968 1386 1158 1481 modum,
1171 1383 1406 1485 accidiffet,
1443 1383 1488 1467 id
1509 1385 1688 1467 Graecos
1716 1407 1822 1467 non·

245 1494 382 1693 {pipios
419 1493 696 1628 imperatores
724 1496 777 1583 ad
815 1499 1141 1611 expugnandum
1183 1498 1269 1611 ejus
1297 1497 1495 1586 aromatis
1523 1498 1658 1585 natale
1686 1495 1821 1583 solum

341 1630 467 1719 gant.

300 1716 504 1810 -Extinuo
534 1725 632 1811 dein
662 1755 686 1811 a
716 1727 942 1837 Syracorra,
973 1729 1132 1817 &filio
1161 1730 1248 1842 ejus
1280 1730 1497 1827 Saladino,
1526 1726 1822 1814 Saracenorum

245 1832 495 1947 Caliphatu,
533 1842 927 1927 Mammrluccaruru
950 1848 979 1928 ii
1000 1848 1043 1928 in
1063 1842 1254 1960 AEgypto
1272 1847 1496 1957 imperium
1516 1839 1823 1933 condiderunt,

246 1948 292 2035 δι
312 1950 460 2035 Indica
478 1956 733 2037 commercia
761 1958 804 2040 in
833 1960 884 2041 iis
905 1960 1025 2042 terris
1044 1957 1395 2055 restauraverunt,
1434 1955 1823 2041 Mammeluccaruru

244 2064 458 2149 exercitus
477 2070 615 2177 pueris
634 2094 689 2153 ex
708 2068 925 2177 Circaffia‚
956 2091 1027 2156 aut
1048 2098 1104 2156 ex
1129 2071 1288 2182 reliqua
1317 2071 1428 2155 circa
1450 2068 1646 2183 paludem
1675 2068 1820 2149 Maeo-

244 2179 325 2261 tim
344 2178 556 2276 Colchide,
584 2202 655 2266 aut
676 2209 730 2266 ex
747 2183 834 2267 aliis
855 2183 942 2290 ejus
972 2183 1125 2269 traiius
1155 2184 1258 2269 locis
1287 2185 1464 2269 coemtis
1494 2183 1616 2266 unice
1646 2204 1821 2262 renova·

243 2288 419 2389 bantur,
457 2318 587 2404 quare
606 2322 705 2379 cum
725 2294 1048 2406 Imperatoribus
1070 2296 1529 2494 Corpflartiuopolituuis
1550 2290 1711 2378 Sultani
1738 2288 1820 2374 AE·

239 2430 273 2519 g
269 2408 391 2519 yprii
407 2403 581 2493 foedera
600 2410 706 2491 inire
727 2408 861 2495 coadi
880 2409 998 2508 sunt,
1026 2436 1114 2526 quo
1149 2410 1208 2494 sbi
1235 2412 1552 2521 permitterent,
1581 2428 1731 2519 paucas
1751 2429 1822 2487 na-

243 2544 341 2617 ves,
369 2516 489 2629 hujus
510 2525 756 2623 commercii
775 2548 903 2633 ergo,
934 2526 976 2606 in
997 2548 1177 2635 pontum
1198 2523 1414 2607 Euxinum
1432 2524 1615 2607 mittere.

249 2678 260 2687 -
302 2630 376 2717 Ad
414 2632 727 2746 multiplicanda
762 2638 1016 2720 commercia
1055 2640 1252 2749 plurimas
1293 2636 1443 2751 easque
1492 2635 1669 2747 optimas
1708 2629 1821 2740 leges

247 2746 402 2831 Graeci
420 2746 696 2859 Imperatores
726 2747 1034 2847 condiderunt,
1072 2751 1376 2860 praecaeteris
1420 2768 1560 2832 tamen
1589 2747 1821 2855 Imperator

245 2858 439 2973 Constans
457 2862 644 2946 emicuit.
703 2862 935 2946 Nautarum
962 2860 1047 2947 sese
1086 2882 1311 2974 patronum
1340 2861 1601 2956 declaravit,
1642 2857 1822 2943 alitiutn

244 2973 536 3061 vexationibus
556 2998 630 3059 eos
659 2976 840 3072 exemit,
880 2995 1095 3084 praeterea
1113 2977 1417 3074 immunitates,
1456 2995 1680 3059 munerum
1701 2994 1822 3053 vaca-

244 3089 407 3187 tiones,
435 3088 478 3175 &
499 3089 676 3200 plurima
696 3087 773 3171 alia
783 3087 998 3199 privilegia
1008 3086 1233 3172 liberaliter
1247 3091 1296 3172 iis
1307 3086 1523 3174 concedit.
1552 3084 1599 3171 ln
1611 3110 1698 3200 quo
1719 3109 1822 3168 con·

244 3198 335 3289 srlio
354 3199 647 3315 persequendo
667 3228 689 3286 a
717 3199 918 3309 Juliauo,
956 3203 1031 3314 qui
1052 3202 1248 3311 Caestaris
1266 3227 1430 3288 merum
1448 3221 1551 3286 tunc
1572 3224 1728 3283 nomen
1748 3220 1821 3303 ge·
1940 3292 1947 3299 ¹

244 3312 391 3410 rebat,
410 3313 573 3422 adjutus
583 3310 665 3411 οὓς
697 3312 869 3428 ejusque
878 3338 979 3398 cura
990 3313 1171 3426 Arrglica
1191 3316 1467 3413 commercia,
1497 3310 1663 3421 disjeda
1684 3306 1820 3393 hade-

244 3450 326 3513 nus
346 3454 368 3510 a
388 3426 554 3536 piratis,
593 3424 836 3524 restaurata,
874 3428 1127 3540 naviumque
1146 3428 1514 3511 frumentariarum
1542 3446 1763 3507 numerum
1786 3422 1821 3503 i-

245 3536 345 3627 dem
365 3541 622 3654 auxit‚quae
643 3538 902 3627 frumentum
922 3566 976 3627 ex
986 3540 1219 3624 Britannia
1228 3542 1271 3624 in
1293 3542 1462 3624 Gallias
1473 3532 1819 3647 transportabant.

303 3652 532 3738 Gothorum
549 3653 873 3768 irruptionibus,
909 3653 953 3739 ὅτ
972 3653 1095 3764 ipfius
1113 3653 1228 3739 urbis
1257 3650 1308 3737 ab
1339 3655 1515 3737 Alarico
1543 3647 1822 3759 expugnatio·

243 3790 324 3867 ne,
353 3770 397 3851 in
416 3768 581 3853 ultimas
602 3767 806 3878 angustias
824 3770 1012 3853 Romana
1031 3794 1097 3854 res
1116 3764 1293 3854 adduda
1314 3764 1385 3852 est.
1454 3763 1522 3851 Ex
1540 3760 1725 3876 pluribus
1746 3762 1820 3871 qui

246 3881 433 3967 animum
451 3882 506 3967 ad
524 3884 690 3995 imperii
707 3881 822 3994 spem
841 3882 995 3967 eodem
1015 3903 1208 3994 tempore
1238 3899 1487 3979 erexerant,
1519 3877 1700 3963 Attalus
1727 3873 1821 3985 qui·

245 3994 343 4079 dam
371 4014 485 4093 erat,
523 3996 598 4109 qui
626 3995 858 4081 interclusis
887 3995 1112 4105 Africanis
1150 3994 1481 4090 commeatibus,
1518 3990 1690 4073 Italiam
1709 3984 1821 4070 fame

244 4134 395 4195 necare
425 4114 615 4194 tentavit.
702 4105 837 4195 Claffe
868 4110 1157 4213 370o.·omnis
1188 4110 1353 4219 generis
1384 4107 1554 4193 navium
1582 4104 1626 4185 in
1647 4100 1823 4182 Italiam

244 4220 423 4332 rrajecit.
479 4224 633 4337 Neque
660 4229 767 4309 tanti
794 4242 1012 4336 apparatus
1044 4221 1320 4306 mirabiliores
1349 4218 1546 4315 fuerunt,
1583 4214 1713 4300 celeri
1734 4213 1821 4319 ejus

242 4339 448 4449 turpique·
460 4336 626 4432 reditu;
658 4338 774 4423 nullo
794 4338 907 4423 enim
925 4362 1064 4451 neque
1084 4336 1249 4448 proelio
1268 4335 1402 4434 inito,
1431 4356 1570 4446 neque
1591 4324 1821 4413 exscensio-

241 4474 295 4535 ne
313 4448 592 4651 ulliippdpaiiaz1
615 4451 934 4568 Carthaginem,
960 4450 1072 4539 unde
1092 4448 1353 4549 discefferat,
1388 4474 1487 4535 cum
1507 4445 1630 4530 unioa
1650 4440 1745 4525 navi
1766 4462 1821 4523 ex

245 4582 402 4651 tautae
473 4590 562 4650 cre
593 4566 656 4651 iit.

1227 4673 1302 4760 Kk
1365 4784 1382 4811 .
1584 4751 1590 4754 ,
1734 4614 1820 4747 Leo
