4140 5646
467 272 983 383 MENSURARUM
1006 270 1101 367 ET
1126 270 1543 367 PONDERUM
1721 308 1801 389 155

239 516 370 589 num,
399 509 448 575 ut
467 507 622 590 vocam
635 510 655 583 ·,
681 482 843 584 secare,
858 478 1121 569 nostrorum·
1138 502 1377 593 temporum
1392 486 1595 572 inventio
1622 484 1706 583 eii,
1732 485 1805 574 sed

238 600 474 709 secundum
492 600 611 711 gran-i
629 596 998 694 naturarusecate‚
1023 592 1110 699 jam
1129 614 1221 685 tum
1249 598 1452 707 temporis
1481 618 1697 685 noverant.
1757 597 1804 685 ld

244 714 542 809 certissimum,
569 709 687 826 quod
697 708 1003 821 infrequentior
1013 732 1162 800 eorum
1180 705 1434 807 usussuerit,
1462 734 1588 821 quam
1608 711 1806 819 margari-

246 850 408 925 tarum,
438 824 587 935 quibus
605 822 782 908 summas
802 822 977 906 Romani
996 844 1190 907 enormes
1207 817 1500 930 dilapidabant.
1584 818 1666 909 Eas
1684 824 1805 908 innu-

237 932 698 1032 merisdiversrsmodis
712 932 977 1043 dispostas&
989 952 1104 1018 tanta
1122 932 1245 1039 copia
1255 928 1490 1039 gestarunt,
1520 951 1568 1017 ut
1580 935 1767 1018 Crotalia
1786 948 1806 991 ¹

242 1080 269 1135 a
299 1048 405 1135 sono
418 1047 558 1160 ‚atque
588 1044 733 1145 collisu
762 1046 976 1139 dixerint.
1052 1041 1114 1129 Ut
1151 1040 1283 1129 verbo
1320 1038 1552 1141 absolvam,
1588 1046 1638 1131 iis
1669 1043 1803 1155 fingu-

244 1162 276 1245 li
304 1158 470 1245 articuli
499 1184 590 1241 aca
619 1160 678 1241 ite
697 1154 747 1240 ad
770 1157 954 1253 calcem,
988 1156 1002 1237 i
1032 1152 1073 1238 sa
1101 1148 1255 1240 tibialia
1274 1152 1322 1256 †,
1349 1152 1424 1265 ipsa
1451 1154 1605 1255 calcei,
1633 1156 1805 1246 cubicu-

243 1271 308 1369 la,
347 1270 546 1366 viatoria,
621 1296 659 1353 c.
703 1270 935 1378 margaritis
962 1181 1247 1379 spiendebanr.

303 1380 486 1471 Lolliam
505 1381 755 1477 Paulinam,
783 1382 936 1489 rapinis
955 1379 1116 1489 patrui,
1144 1376 1244 1463 dum
1272 1378 1532 1487 provinciam
1545 1376 1804 1465 administra·

242 1490 682 1699 {stagnis-utimum
700 1492 1039 1605 quadringenties
1065 1488 1376 1603 splendentem,
1404 1487 1476 1577 seu
1507 1498 1672 1601 322916
1700 1493 1728 1579 l.
1750 1522 1806 1593 13·

266 1707 271 1717 ’
294 1634 576 1818 intimati,
593 1714 723 1802 matri.
742 1713 957 1800 Serviliae
984 1710 1137 1825 Julius
1154 1709 1309 1821 Caesar
1327 1708 1504 1817 48437i
1518 1710 1615 1802 ros.
1643 1740 1803 1827 marga·

241 1828 373 1928 r'itam
386 1847 592 1930 mercatus
612 1824 683 1925 est.

243 1931 250 1941 ’
302 1942 562 2051 ²Claopatra
590 1936 769 2036 Antonii
804 1935 1019 2049 epularum
1056 1934 1260 2026 lautitiam
1298 1934 1624 2051 adparatumque
1661 1937 1804 2027 obtre-

244 2050 381 2149 nans,
406 2047 705 2158 anasecoena
725 2051 862 2159 80729
882 2047 911 2134 l.
933 2078 952 2149 3
977 2046 1095 2154 s.4d.
1114 2045 1392 2135 absumturam
1412 2050 1648 2161 spopondit.
1706 2050 1804 2137 Post

274 2164 583 2271 rimamigitur,
613 2185 790 2273 eamque
801 2159 1087 2273 quotidianam
1106 2185 1312 2254 mensam,
1340 2162 1802 2275 unionumquosaurt-

217 2192 323 2377 ‚bus
354 2272 561 2385 gerebat,
584 2274 763 2371 alterum
790 2291 913 2358 aceto
947 2270 1187 2360 immersum
1215 2270 1566 2385 liquesailumque
1593 2272 1816 2385 absorpsit„

242 2386 405 2484 Alteri,
433 2410 562 2497 quem
580 2382 699 2474 simili
717 2382 849 2481 modo
865 2384 1081 2474 absumere
1099 2380 1266 2495 parabat
1276 2382 1417 2489 injecit
1426 2408 1594 2471 manum
1604 2384 1656 2471 L.
1668 2386 1805 2469 Plan·

242 2528 335 2595 cus,
366 2494 606 2609 visiumque
624 2496 850 2584 Antoniam
869 2496 1164 2609 pronuntiavit.
1225 2492 1385 2580 Ambos
1412 2492 1510 2580 hinc
1529 2496 1704 2581 uniones
1714 2496 1805 2583 dic·

246 2630 333 2698 tam
359 2608 560 2694 summam
577 2612 733 2694 reatin
749 2606 811 2694 H.
830 2606 873 2694 8.
902 2605 1089 2705 valuisse,
1117 2605 1259 2715 colligi
1286 2601 1399 2717 posse
1418 2606 1609 2704 videtur,
1638 2632 1720 2720 qua
1740 2636 1806 2691 ra-

246 2723 364 2805 tione
376 2718 555 2827 singulae
564 2718 671 2802 infra
681 2720 799 2829 Jalii
809 2720 1002 2827 Caestaris
1011 2718 1274 2827 margaritam
1284 2716 1447 2806 starent.
1485 2714 1528 2803 Si
1538 2745 1641 2807 vero
1649 2722 1804 2808 centies

240 2833 428 2943 pretium
440 2832 483 2914 in
490 2828 665 2939 singulas
683 2828 787 2928 fuit,
816 2830 1057 2943 Cleopatrae
1075 2830 1251 2915 uniones
1268 2826 1532 2939 pretiositatis
1540 2828 1719 2961 palmam
1730 2828 1803 2961 sabi

438 2998 443 3010 .
493 3016 496 3022 ,
699 3012 702 3020 .
1713 2968 1804 3029 vrn-

282 3141 303 3183 rr
324 3122 433 3183 Plinius
454 3122 473 3181 l.
493 3137 521 3193 9.
536 3140 561 3182 c.
583 3138 629 3195 35.
688 3121 816 3181 Orotalia
836 3120 1001 3197 appeliant,
1043 3119 1091 3182 die
1108 3136 1167 3197 quo
1185 3120 1321 3193 iudicium
1342 3122 1503 3197 agebatur,
1528 3124 1710 3200 magnificant
1731 3130 1802 3193 aiiat

245 3218 306 3289 eeu·
314 3200 384 3259 sono
401 3214 517 3274 quoque
528 3200 690 3275 gaudeant,
710 3196 739 3257 dt
753 3196 852 3258 collisu
860 3196 919 3273 ipso
929 3212 1000 3255 mar·
1042 3213 1185 3287 coenam,
1197 3213 1236 3287 ne
1247 3197 1309 3286 dier
1324 3198 1447 3273 periret.
1468 3196 1516 3259 sed
1535 3201 1733 3275 quotidianam
1748 3206 1803 3265 ad·

247 3290 428 3483 ‘usin
442 3347 461 3407 ι.
475 3362 521 3420 a.
536 3365 562 3407 a.
576 3364 602 3409 2.
616 3346 643 3407 a
657 3347 676 3407 ι.
693 3362 719 3419 ⁹.
733 3362 760 3407 ι,
782 3360 827 3419 a,
886 3342 1003 3429 Quat
1042 3270 1801 3420 isisasssi¹¹itrsissssii⁰sii¹f¹lisissi?

267 3443 284 3484 e
306 3428 383 3496 ibus,
410 3442 465 3483 nec
489 3424 668 3501 crepidarum
689 3436 797 3483 tantum
819 3420 1002 3495 ormegniis,
1041 3436 1151 3497 pturam
1165 3440 1230 3481 eam
1243 3440 1363 3481 coenam
1372 3426 1545 3485 taxationem
1554 3426 1738 3501 confirmans,
1758 3432 1801 3489 sn·

247 3444 295 3570 sed
315 3500 384 3561 totis
403 3500 520 3562 socculis
539 3498 660 3559 addunt:
680 3500 869 3575 nequeenim
889 3494 999 3573 gestare
1038 3500 1093 3558 latu
1113 3514 1150 3555 ue
1169 3498 1197 3555 se
1222 3499 1332 3557 centies
1354 3498 1436 3559 tius.
1466 3510 1676 3573 coenaturum),
1702 3504 1803 3565 inserti

246 3578 301 3647 iam
314 3575 496 3651 margaritas,
513 3574 564 3663 nist
582 3574 709 3645 calcent,
727 3590 760 3636 ac
772 3590 823 3651 per
834 3572 957 3660 uniones
970 3586 998 3627 e·
1038 3515 1317 3638 meriamsecundam
1331 3570 1412 3641 iussit.
1451 3574 1495 3631 Ex
1509 3588 1665 3652 praecepto
1678 3579 1800 3641 ministri

246 3654 313 3720 istm
326 3652 486 3721 ambulent,
504 3652 569 3711 sarrs
589 3650 639 3710 est.
1038 3663 1123 3709 unum
1137 3659 1245 3707 tantum
1260 3664 1308 3705 uas
1319 3660 1387 3705 ante
1400 3664 1464 3707 eam
1472 3648 1592 3725 posuere
1605 3654 1701 3721 aceti,
1717 3658 1799 3727 cujus

282 3744 301 3806 p
318 3726 470 3787 Suetonius
485 3728 513 3787 in
528 3725 658 3786 Caesare.
713 3742 731 3783 z
749 3724 858 3784 Plinius
878 3720 898 3781 1.
921 3738 948 3794 9.
972 3740 998 3781 c.
1038 3724 1169 3800 asperitas
1181 3722 1267 3800 usque
1281 3724 1415 3783 latabem
1422 3725 1585 3805 margaritas
1598 3726 1725 3789 resolvit.
1738 3732 1797 3791 Ge·

247 3808 291 3873 35.
310 3799 398 3859 .Duo
411 3802 492 3861 suere
505 3802 622 3861 maximi
640 3798 762 3859 uniones
783 3816 834 3875 per
854 3814 940 3858 omne
954 3814 999 3857 ae·
1038 3804 1117 3860 rebat
1137 3799 1250 3859 auribus
1269 3814 1333 3857 cum
1352 3800 1475 3859 maxime
1496 3800 1632 3875 singulare
1654 3806 1742 3868 illud.
1770 3806 1799 3866 a

246 3893 326 3937 vum:
345 3890 495 3967 utrumque
509 3878 632 3955 possedit
643 3876 813 3953 Cleopatra,
831 3876 996 3951 Egyptire·
1037 3892 1105 3936 vere
1115 3876 1230 3936 unicum
1253 3888 1371 3935 naturae
1389 3892 1471 3953 opur.
1509 3878 1609 3951 ltaque
1621 3880 1795 3953 exspedante

247 3952 373 4026 ginamm
388 3953 547 4023 norissima,
569 3969 621 4029 per
640 3966 739 4011 manus
751 3952 879 4010 Orientis
898 3966 996 4026 regum
1036 3950 1165 4012 Antonio
1184 3950 1321 4026 quidnam
1343 3950 1413 4010 efl'et
1433 3952 1540 4021 astuta,
1561 3952 1714 4013 detensium
1728 3957 1798 4017 alte·

247 4027 297 4086 libi
310 4028 440 4087 traditos.
477 4026 793 4103 Haee,exquifitircunr
822 4024 931 4085 uotidie
939 4026 996 4085 An·
1037 4043 1097 4085 rum
1113 4024 1223 4097 mersit,
1240 4044 1273 4085 ac
1288 4025 1466 4100 liquefactum
1486 4027 1639 4086 absorbuit.
1697 4032 1799 4102 injecit

247 4103 342 4163 tonlu's
354 4102 528 4177 saginaretur
539 4104 643 4179 epulis.
663 4102 783 4177 superbo
794 4044 873 4161 sitta
886 4118 921 4159 ac
934 4117 997 4177 pro·
1037 4102 1120 4161 alteri
1133 4118 1249 4161 manum
1269 4103 1302 4159 1..
1318 4102 1436 4161 Plancus
1449 4102 1535 4175 judex
1548 4102 1701 4178 sponsionis
1718 4110 1797 4182 ejus,

246 4178 305 4237 cael
326 4174 410 4248 sustu,
435 4192 467 4239 ut
485 4178 585 4253 regina
602 4176 751 4247 raetetrir,
779 4173 917 4235 lautitiam
937 4174 996 4246 ejus
1037 4193 1102 4236 eum
1125 4194 1241 4252 quoque
1270 4178 1381 4251 paranti
1406 4176 1604 4238 fimiii·modo
1629 4180 1794 4256 absumere.

244 4267 359 4312 omnem
372 4266 591 4341 apparatumque
602 4252 777 4323 obtreilam,
796 4263 952 4327 quaerente
959 4268 996 4314 eo
1035 4252 1195 4329 vinumque
1208 4250 1365 4316 Antonium
1377 4252 1587 4331 pronuntiarit,
1605 4256 1706 4317 omine
1718 4276 1795 4321 raro.

245 4328 313 4406 quid
327 4323 786 4405 adiimlmagniucmriaeposs'et,
807 4324 995 4403 responditu-
1037 4328 1197 4389 Corriratar
1211 4326 1414 4397 famaunlonir
1428 4330 1488 4402 ejus
1506 4344 1620 4406 parem,
1640 4348 1676 4391 ea
1745 4336 1795 4398 illa

244 4417 282 4461 na
299 4402 432 4463 seeoena
449 4406 560 4465 centies
579 4404 619 4466 H.
638 4404 669 4465 S.
688 4402 886 4468 absuntam.
942 4402 997 4463 Cu·
1037 4415 1132 4466 tantae
1150 4404 1323 4480 quaestionis
1348 4406 1463 4467 vinrtce
1477 4406 1603 4495 Aegina
1630 4406 1661 4465 di
1684 4410 1795 4481 estuat,

265 4475 344 4538 lebat
353 4478 463 4541 discere
478 4480 640 4547 Antonius,
660 4476 709 4540 sed
721 4478 782 4540 fiori
792 4477 870 4555 posse
883 4495 943 4540 uon
956 4496 998 4540 ar·
1014 4478 1021 4499 ·
1037 4492 1068 4547 ur
1082 4477 1151 4539 esset
1170 4480 1198 4539 in
1214 4480 1338 4557 utrisque
1352 4482 1474 4544 Veneris
1493 4482 1606 4544 aurbus
1626 4484 1741 4549 Romae
1763 4502 1793 4548 aa

245 4492 411 4621 bibebatur.
470 4556 548 4633 Ergo
562 4553 753 4633 tponuouuus
771 4551 866 4629 trun,
885 4503 1023 4635 polleres
1039 4554 1168 4622 l’atrtheo
1189 4553 1309 4622 dimidia
1327 4572 1428 4624 eoruur
1441 4573 1544 4624 torna.

1122 4627 1222 4718 Va
