4140 5646
512 282 1031 415 mensurnorum
1061 247 1550 379 anonumum.
1756 304 1808 404 r,

298 503 529 621 Hesychius
556 501 736 616 seripfit,
763 499 925 608 moleret
941 491 989 585 τῦ
1008 497 1075 585 oleo
1096 496 1115 595 l
1138 493 1284 600 illae&
1299 481 1468 608 repelet,
1505 505 1620 593 uude
1639 506 1811 623 adparet

239 623 401 710 Colum
432 622 474 710 δι
503 620 731 706 Stamninm
751 643 883 703 onum
904 613 984 701 esse
1012 616 1225 731 idemque.

299 733 389 824 xiie
406 737 449 824 &
467 731 570 836 gorlo
590 731 742 817 Suidee
761 728 984 831 differunt,
1013 731 1184 847 quando
1205 731 1340 829 aitxo'e
1367 724 1427 817 llo
1444 729 1564 840 grear,
1592 736 1697 835 nole
1716 734 1741 848 ⁸3
1757 735 1812 846 ἵξ.
1871 792 1876 802 .

242 848 437 967 Reliquis
466 876 570 935 vero
599 844 793 933 omnibus
841 846 956 931 idem
985 844 1200 932 denotant.
1241 892 1243 897 ·
1290 845 1438 959 Congio
1467 850 1647 934 Romano
1677 853 1814 941 Medi.
1942 848 1948 857 ’

240 967 285 1055 ci
305 966 459 1051 Graeci
477 966 558 1059 χοῦν
574 960 790 1047 interdum
808 959 1078 1060 substituunt,
1108 958 1252 1046 abillo
1280 985 1427 1071 parum
1448 958 1671 1050 diversum.

301 1078 503 1163 Milonem
525 1075 812 1160 Crotoniatum
836 1107 853 1177 3
880 1075 967 1161 vini
985 1073 1117 1159 Choes
1144 1100 1230 1160 uno
1259 1074 1421 1184 impetu
1451 1072 1652 1176 hausisse,
1681 1079 1812 1169 refert

244 1190 488 1277 Arhaenens
508 1190 554 1293 i,
582 1188 699 1304 quod
716 1187 838 1275 nobis
857 1184 991 1275 efficit
1009 1220 1035 1271 2
1057 1185 1225 1274 Gallon.
1251 1214 1273 1290 5
1294 1186 1405 1271 Pint.

300 1303 418 1390 Idem
444 1303 499 1389 de
528 1301 771 1388 Alexandro
813 1300 978 1401 refert,
1015 1298 1252 1415 postquam
1292 1302 1492 1413 poculum
1520 1337 1544 1387 2
1577 1305 1702 1390 Chone
1731 1313 1813 1418 (14

240 1416 375 1520 Pint.)
406 1415 625 1515 ebibisset,
657 1415 773 1502 &ad
804 1414 1083 1529 repetendum
1112 1411 1301 1502 haustum
1319 1412 1404 1502 sese
1424 1416 1686 1519 accinxisset,
1716 1425 1813 1508 viri·

237 1530 321 1640 bus
342 1528 560 1628 defecisse,
591 1530 635 1615 dc
655 1528 885 1641 exspirasse.
923 1584 930 1599 ·

285 1641 443 1732 Festos
493 1642 667 1728 uosdam
688 1643 776 1728 dies
797 1644 1075 1757 Athenienses
1094 1643 1222 1730 Choes
1240 1642 1500 1743 nominasse,
1531 1644 1684 1731 Snidas
1704 1649 1813 1735 testis

239 1758 325 1858 est,
354 1673 637 1873 quiabnguhs
658 1758 847 1842 convivis
860 1759 945 1842 vini
963 1762 1032 1855 xie
1049 1755 1354 1870 proponebant.
1412 1756 1656 1843 Athenaeus
1666 1758 1814 1862 habet,

240 1872 591 1985 Demophoontem
610 1869 873 1955 Athenarum
892 1871 1060 1981 Regem
1081 1870 1249 1957 dulcem
1277 1872 1543 1983 placentam,
1573 1874 1814 1984 Dionystnm

243 1983 493 2097 Tyrannum
523 2009 690 2070 auream
715 1986 755 2069 ei
784 2011 985 2070 coronam
1016 1981 1279 2096 promisrsle,
1317 1987 1390 2097 qui
1420 1982 1530 2069 festis
1559 1986 1638 2070 illis
1667 1987 1813 2074 diebus

243 2104 330 2198 χοῦν
349 2104 392 2208 (7
416 2097 545 2204 Pint.)
567 2098 723 2211 primus
744 2095 956 2193 ebibisset3
978 2094 1140 2183 barbari
1159 2122 1298 2181 mores
1316 2100 1358 2181 in
1380 2095 1642 2184 urbanissimo
1663 2107 1810 2209 gente!

300 2217 372 2297 xio
404 2243 454 2296 12
487 2215 563 2299 Cot
589 2214 645 2295 lis
674 2211 920 2309 constabat,
948 2210 1049 2295 teste
1072 2212 1317 2324 Cleopatra,
1344 2213 1452 2308 ixit
1472 2206 1665 2322 ἓχαμέτρῳ
1687 2211 1813 2313 (hino.

242 2319 361 2410 πόλις
378 2321 529 2413 devenir
548 2242 712 2421 illem
739 2325 782 2410 id
805 2325 926 2440 quod
943 2324 1010 2408 alii
1041 2325 1302 2409 confirmant.
1345 2400 1349 2407 .
1387 2321 1629 2408 Athenaeus
1655 2325 1725 2408 lih.
1751 2359 1813 2412 11.

244 2437 459 2524 mensurae
489 2435 663 2539 niger&
691 2437 825 2526 didiae
854 2438 1036 2526 eundem
1068 2436 1307 2547 Cotylernm
1335 2454 1561 2521 numerum
1588 2436 1816 2541 adscribit,

240 2576 332 2665 quo
351 2551 471 2663 pallo
490 2545 553 2649 χεῖ
568 2551 748 2662 aequalis
767 2552 827 2636 lit.
885 2552 1055 2637 Dicitur
1076 2576 1249 2663 quoque
1270 2551 1313 2634 in
1342 2570 1495 2634 neutro
1516 2545 1670 2660 genere
1688 2551 1816 2652 olyv-

227 2663 289 2743 ‘ro
309 2664 377 2748 vel
399 2660 546 2763 noiomo
568 2719 582 2759 ‚
610 2664 729 2775 quod
746 2666 931 2777 lagenam
949 2664 1141 2748 nonnulli
1158 2666 1500 2773 interpretantur.

302 2772 359 2858 Et
371 2774 728 2887 quemadmodum
748 2776 892 2887 Congii
913 2775 1298 2859 denominationem
1321 2776 1507 2858 Graecus
1519 2782 1597 2883 *nse
1614 2777 1723 2890 apud
1735 2781 1818 2864 Ro·

240 2914 385 2972 manos
402 2888 590 2998 peperit,
618 2889 674 2969 ita
693 2883 788 2993 liene
805 2890 1063 2972 recentiores
1083 2888 1237 2971 Graeci
1257 2884 1311 2971 de
1332 2884 1818 2979 dexterioRomanosor·

245 3018 438 3098 morunt,
460 2998 503 3082 dc
524 2996 897 3103 xiimsextantem
915 2997 998 3083 esse
1016 2996 1241 3107 jusserunt,
1261 2995 1364 3083 teste
1376 3001 1535 3084 Gelono
1555 3001 1598 3085 &
1616 3003 1717 3090 aliis.
1802 3072 1807 3079 .

277 3113 459 3209 ‘xersem
490 3140 512 3195 a
532 3112 712 3195 cavitate
733 3109 841 3197 dida
861 3110 944 3206 este
968 3109 1117 3196 scribit
1138 3113 1251 3197 enim
1281 3111 1524 3199 Athenaeus
1542 3113 1613 3199 lib.
1649 3147 1712 3227 19.
1741 3125 1817 3198 neh

242 3219 282 3304 ei
302 3223 413 3304 recino
433 3219 579 3314 nerino
600 3221 733 3305 telon
750 3229 780 3302 el
800 3219 971 3315 enimi,
1001 3226 1029 3308 i.
1049 3253 1087 3310 e.
1108 3252 1234 3312 omne
1253 3251 1403 3310 cavum
1422 3249 1586 3312 veteres
1605 3227 1819 3318 noev‘nqedi-

246 3363 380 3423 xere5
403 3337 516 3425 idem
536 3338 625 3437 ait,
653 3333 779 3433 κοτύλη
800 3337 824 3448 ’3
842 3343 1000 3432 καλεῖται
1019 3338 1075 3437 rm}
1091 3333 1159 3431 ἢὲἲ
1177 3338 1262 3448 ‘'hof’‘
1284 3338 1467 3437 κοιλότης,
1500 3341 1527 3422 i.
1549 3367 1585 3423 e.
1605 3348 1646 3423 &
1667 3369 1818 3426 cavum

249 3451 491 3535 Coxendicis
516 3473 691 3536 vocatur
722 3453 879 3556 Cotyla.
938 3450 1085 3537 Plures
1125 3450 1285 3536 diversa
1323 3451 1611 3560 magnitudine
1650 3453 1819 3563 Cotylae

247 3565 436 3650 Galenus
455 3565 1099 3662 enumerat,utAlenandrinem
1118 3566 1162 3651 dc
1184 3563 1413 3677 Ephestam.
1444 3565 1590 3676 Cotylo
1609 3593 1713 3651 vero
1733 3570 1818 3651 Ar·

248 3681 332 3763 tica
354 3675 440 3786 hieu
462 3678 599 3800 media
618 3706 710 3790 pars
733 3676 847 3778 fuit;
878 3681 1003 3765 Inter
1032 3710 1101 3764 res
1131 3678 1337 3793 Aristoph.
1370 3679 1413 3762 in
1442 3680 1622 3764 Plutum
1650 3679 1816 3779 scribit,

247 3788 370 3882 noello
400 3783 437 3872 δι’
459 3790 525 3879 iere
546 3782 649 3889 eil&
677 3792 811 3901 pireto,
837 3792 855 3872 i
876 3700 1031 3896 λὶγομζ
1044 3795 1138 3900 speeie
1159 3789 1333 3901 ἧμῖξεςω,
1362 3793 1507 3903 Cotyla
1527 3791 1585 3879 est
1605 3794 1816 3894 mensura,

248 3931 374 4016 quam
394 3932 470 3990 nos
491 3904 709 3990 dimidium
728 3904 822 4013 sien
841 3907 1036 3992 dicimus.
1093 3905 1322 3991 Rhemnius
1341 3907 1529 3994 Fannius
1549 3906 1697 4010 habet,

395 4131 461 4217 Ae
485 4135 674 4245 Cotylae,
703 4162 830 4248 qnos,
848 4132 895 4241 st
900 4136 1093 4247 placeat,
1123 4133 1269 4240 diriffe
1288 4137 1429 4226 licebit

154 4254 158 4265 '
310 4294 317 4317 ι
395 4246 623 4332 Homines:
655 4250 805 4361 recipit
819 4251 1004 4361 gemines
1023 4246 1250 4334 Sertorius
1269 4277 1388 4338 nous.

285 4608 301 4684 l
320 4607 483 4672 Atheneour
497 4608 514 4672 1.
532 4623 578 4671 ro.

1142 4690 1242 4779 La
