4140 5646
407 298 499 407 coo
638 278 950 378 orooro
979 276 1218 397 ANTIQ.
1247 274 1761 374 oomrsrm‘rom

408 531 563 617 magno
571 501 724 591 eisusui
735 500 991 615 inmgiendo
1000 496 1464 586 fuerunrRomanarcm
1472 494 1985 610 fabricamPotyceoilaa

410 650 481 707 aas
489 620 636 727 inscite
644 616 846 729 fatias&
855 614 1078 701 immobiles
1086 614 1317 709 nominarm,
1327 610 1591 726 despiciebat.
1604 611 1750 723 Pugna
1762 612 1814 697 ad
1826 614 1985 721 Jont'ac

410 758 530 822 oram
551 731 647 817 data
667 728 737 816 est.
795 726 971 827 Rhodii,
1001 726 1119 840 quod
1138 728 1304 813 navium
1323 724 1368 809 iu
1401 725 1656 837 plemenrum
1677 754 1730 810 ex
1751 726 1899 811 Sicilia
1908 728 1985 815 ad-

410 846 589 935 duxerat
611 840 867 939 Antiochus,
894 838 1071 1035 aggreffi
1089 837 1195 929 sunt.
1281 752 1461 924 Claiem
1490 864 1593 924 vero
1628 838 1830 925 Rhodiam
1852 842 1986 952 Poly·

408 957 607 1056 ncnidas,
647 952 910 1065 peritiffimus
978 951 1188 1051 enidro,
1225 953 1435 1037 unicum
1464 952 1673 1037 Romanae
1698 952 1829 1040 cloffis
1861 974 1985 1067 parte

408 1068 637 1183 improviso
657 1066 711 1151 ad
730 1064 895 1153 Sanam
912 1063 1085 1151 insulam
1104 1063 1276 1151 adortus
1291 1060 1372 1170 cst:
1402 1090 1456 1150 ex
1474 1090 1523 1151 ea
1533 1064 1652 1151 clade
1661 1066 1731 1153 vix
1743 1066 1901 1181 septem
1911 1094 1986 1155 na·

411 1186 523 1295 vigia
541 1181 780 1279 evaserunt,
811 1178 855 1265 dc
875 1177 928 1263 ad
945 1178 1094 1305 viginti
1113 1181 1259 1292 captae
1278 1176 1485 1287 Ephesum
1502 1176 1729 1291 perducire
1739 1176 1846 1264 sunt.
1903 1180 1986 1267 Lo·-

413 1297 547 1387 vicio
576 1290 707 1381 claffis
737 1292 961 1404 imperium
991 1286 1182 1377 lucceffit
1202 1286 1406 1375 AEcns'lim
1434 1291 1650 1405 Regillus,
1679 1293 1753 1404 qui
1781 1293 1985 1379 Antiochi

413 1406 578 1500 classem
595 1429 768 1495 centum
788 1404 991 1491 testarum
1007 1408 1195 1499 navium,
1224 1406 1295 1486 cui
1314 1400 1533 1487 Hannibal
1546 1402 1888 1503 &Polyxenidas
1904 1408 1986 1494 im.

413 1521 637 1639 parabant,
665 1516 881 1629 odioginta
907 1516 1080 1604 navibus
1098 1518 1143 1601 in
1162 1514 1305 1625 fugam
1323 1518 1465 1601 vertit.
1521 1512 1720 1626 Triginta
1739 1545 1762 1602 a
1781 1520 1985 1607 Romanis

415 1657 561 1749 captae
579 1634 699 1731 sunt,
714 1651 911 1717 caeteros
931 1630 1385 1741 maximaexparteaut
1407 1626 1717 1729 demerserunt,
1745 1651 1816 1719 out
1834 1632 1983 1721 incen-

415 1746 581 1839 derunt.
635 1744 783 1859 Quum
809 1742 964 1829 eodem
988 1762 1183 1853 tempore
1203 1737 1515 1851 terrestriscjus
1534 1744 1745 1828 exercitus
1764 1744 1982 1855 ingentem

415 1858 580 1952 cladem
603 1852 845 1970 accepiffet,
874 1855 998 1941 maris
1024 1856 1246 1967 imperium
1276 1874 1425 1939 contra
1455 1856 1657 1939 Romanos
1674 1854 1891 1943 adserendi
1911 1860 1984 1945 vix

309 1980 316 1992 '
413 1972 541 2060 ullam
558 1969 674 2083 spem
692 1970 895 2086 reliquom
913 1965 1069 2052 habuit.
1154 1962 1278 2050 Toto
1307 1964 1431 2075 Astac
1449 1966 1605 2067 trado,
1632 1994 1656 2053 a
1674 1968 1777 2053 mari
1799 1968 1853 2056 ad
1871 1967 1982 2057 Taa-

412 2112 506 2174 ranc
524 2105 712 2169 montem
731 2082 884 2196 usque,
913 2078 1088 2175 cedere,
1117 2097 1337 2195 rotamque
1363 2076 1550 2179 cladem,
1580 2080 1791 2167 fimediae
1820 2086 1983 2195 magni·

413 2196 570 2285 tudinis
603 2194 800 2283 acinarios
813 2192 970 2279 'decem
989 2192 1194 2303 excipias,
1221 2219 1397 2305 quarum
1416 2192 1486 2280 ion
1520 2190 1673 2279 iffimus
1701 2190 1842 2280 cursus
1871 2196 1982 2285 intra·

414 2310 588 2397 Ciliciae
632 2307 923 2421 promontoria
972 2302 1296 2406 continebatur,
1343 2220 1569 2392 viiiorifius
1608 2304 1775 2420 tradere
1812 2308 1982 2399 coastus

426 2607 431 2614 .
470 2530 674 2621 Foederis
702 2528 969 2619 conditiones
997 2532 1241 2733 iffplemrus
1269 2531 1413 2621 consui
1443 2536 1676 2635 Romanas,
1700 2538 1982 2652 quinquagin-

412 2666 461 2735 ta.
475 2648 623 2757 longas
640 2672 766 2733 naves
783 2644 952 2730 incendi
967 2642 1012 2754 ju
1046 2668 1092 2733 rt.
1151 2648 1286 2731 Auxit
1308 2673 1410 2733 mox
1430 2649 1472 2733 in
1492 2646 1675 2734 foederis
1685 2664 1981 2765 contemptum

413 2754 579 2848 cladem
607 2758 713 2847 filius
742 2756 830 2869 ejus
861 2757 1092 2845 Antiochus
1110 2758 1326 2875 Eupator,
1354 2760 1425 2847 cui
1450 2786 1554 2847 vero
1577 2758 1751 2849 Senatus
1770 2762 1982 2853 Romanas

411 2872 557 2985 ignem
583 2868 721 2958 rursus
748 2868 1050 2981 subjiciendum
1079 2874 1313 2984 imperavit.

366 3095 369 3101 Ι
470 2982 599 3071 Vitio
618 2981 851 3082 Anciccba,·
883 2982 1123 3085 Hannibal,
1160 2984 1213 3069 ad
1236 2984 1431 3095 Profian
1450 3012 1595 3097 regem
1621 2988 1848 3093 Bithyniae
1864 3004 1907 3092 ⁸,
1933 2991 1978 3081 se

414 3096 619 3194 contulit,
647 3102 765 3183 meru'
784 3122 837 3180 ne
856 3124 879 3181 a
900 3095 1048 3183 coaiio
1066 3100 1247 3210 persvim
1268 3099 1470 3183 Antiocho
1490 3102 1688 3185 Romanis
1714 3102 1975 3203 tradereturs

415 3205 700 3295 Pruiiar.‘·eum
711 3205 822 3296 ciassi
842 3228 992 3295 contro
1002 3212 1204 3325 Pergami
1223 3210 1242 3266 ¹³
1260 3236 1405 3321 regem
1426 3210 1670 3326 Eumenem,
1699 3216 1879 3305 amicum·
1899 3241 1979 3329 po-

411 3321 500 3437 puli
528 3322 727 3421 Rotnani,
752 3320 1009 3435 priefecit.···
1053 3320 1264 3411 Do'lo'n'rm
1286 3323 1411 3409 ’ferax
1439 3323 1731 3439 Punicumque
1760 3330 1801 3414 in
1859 3329 1980 3426 nium

412 3432 513 3522 ollas
530 3434 675 3523 fistiles
686 3433 944 3547 serpentibus
965 3432 1202 3523 refectorio
1222 3436 1401 3523 hostium
1422 3440 1727 3525 navesimmitti
1736 3438 1783 3551 ju
1815 3461 1874 3541 rt,
1900 3441 1978 3529 sre-

412 3574 497 3663 que
507 3546 697 3634 turbatos
706 3548 890 3661 epibatas
909 3550 952 3631 in
973 3548 1267 3661 fugamvertit.
1325 3548 1519 3635 ldemhic
1535 3548 1713 3660 Profics
1729 3575 1876 3640 contra
1889 3553 1979 3667 By-

411 3662 617 3745 zantinos
645 3688 757 3747 arma
785 3687 883 3747 cum
904 3660 1335 3773 Rhodiiscoojonxit,
1365 3662 1521 3777 eosque
1548 3666 1747 3776 portoriis
1775 3691 1830 3753 ex
1846 3667 1979 3756 Ponti

411 3770 586 3859 Euxini
603 3776 867 3859 commerciis
887 3770 1081 3860 hostanos
1128 3778 1309 3889 ecceptis
1331 3773 1572 3862 interclusit.
1973 3882 1977 3889 Ι

445 3886 654 3973 donnana
690 3888 883 3999 proxime
918 3914 1029 3972 orma
1118 3890 1294 3971 talorum
1325 3888 1457 3973 nimia
1494 3892 1730 4001 arrogantia
1769 3918 1979 4007 provoca-

410 3998 485 4084 vit.
571 3995 690 4095 Eos,
728 4022 848 4111 capta
885 4000 1110 4113 metropoli
1137 4000 1393 4099 Ambracia,
1432 4026 1577 4113 pacem
1615 4024 1760 4114 petere
1789 4006 1980 4097 Fulvius

411 4108 556 4193 consul
574 4112 740 4220 coigit,
771 4138 895 4227 quom
915 4112 1166 4199 Rhodiorum
1184 4114 1227 4199 dc
1247 4111 1553 4222 Athenienstatn
1580 4115 1879 4207 interceffione
1902 4124 1979 4211 im·

409 4240 643 4335 petravere.
731 4225 819 4339 Qui
851 4252 948 4311 cum
967 4228 1027 4313 eis
1047 4224 1148 4326 belii¹
1161 4226 1407 4313 societatem
1425 4228 1654 4327 iniverant,
1682 4228 1830 4339 Istrios
1845 4235 1994 4325 maio·

408 4359 505 4423 rum
532 4360 706 4447 quoque
734 4339 779 4425 in
806 4366 909 4463 pace
935 4336 1071 4423 socios
1091 4336 1336 4427 habuerunt.
1424 4334 1508 4424 His
1527 4339 1650 4427 rebus
1676 4342 1823 4455 gestis,
1851 4348 1975 4435 moris

1233 4544 1238 4558 ,
1292 4524 1308 4536 ..
1561 4526 1565 4533 -
1745 4520 1749 4529 ·
1850 4525 1854 4534 -
1895 4488 1977 4551 rm·

445 4603 463 4648 ι
479 4587 603 4653 Naclia
613 4590 707 4671 regia.
850 4590 923 4653 blo
936 4586 1027 4670 nyſs·
1038 4592 1162 4663 minore.
1197 4569 1308 4674 ioclyu
1316 4592 1450 4679 dagoni
1460 4594 1641 4663 bibliotheca
1659 4599 1881 4667 recondebatur.
