4140 5646
220 287 321 361 .130
471 236 785 333 manuum
825 232 1063 345 numo.
1102 184 1615 321 nuursn'rnrunt

237 466 320 552 rati
339 477 507 574 queant.
566 454 723 561 Brffiai
740 446 980 560 scrupulum
1016 476 1044 549 4
1063 444 1299 541 Ueneriis,
1326 478 1352 527 2
1372 444 1400 529 s.
1424 476 1447 550 7
1468 444 1510 531 d.
1530 466 1695 534 emtum
1717 448 1836 537 fitis*

237 578 303 676 se,
330 572 546 661 adnotavit
576 570 751 653 ‘Plinius
779 562 850 647 lib.
875 590 938 669 19.
971 578 1058 671 cap.
1093 586 1140 657 1,
1168 585 1251 673 qua
1276 558 1440 643 ratione
1467 560 1744 679 Averdapois
1769 562 1825 675 li'g

238 680 602 799 bram491.12s.
631 670 927 789 comparasses,
958 670 1151 787 adeoque
1179 668 1300 757 vellis
1333 702 1388 754 20
1417 670 1621 761 librarum
1648 676 1826 765 materi-

177 838 183 847 ·
240 830 334 903 em,
364 834 445 913 992
476 798 528 895 1.,
557 795 626 881 cui
645 793 829 878 summae
848 788 1157 897 manupretium
1185 782 1546 897 superaccederet.

297 914 526 1007 Armillae,
554 912 741 1003 inaures,
769 903 812 993 δι
842 898 1037 997 monilia,
1063 925 1167 984 auro
1187 896 1231 983 dc
1252 902 1428 1007 gemmis
1445 898 1731 1015 splendentia,
1757 904 1836 991 vi·-

240 1028 414 1115 ris-cum
440 1022 605 1109 seminis
635 1018 871 1103 communis
903 1013 1024 1099 luxus
1044 1010 1138 1097 suit.
1197 1008 1438 1098 Electrinae
1469 1017 1715 1131 vitreaeque
1744 1014 1837 1103 ho·-

241 1139 414 1237 diedum
436 1137 712 1248 reperiuntur.
742 1127 840 1215 Hac
860 1130 904 1211 in
923 1153 970 1213 re
989 1126 1033 1211 in
1052 1124 1260 1211 luxuriam
1279 1126 1499 1235 ingentem
1518 1154 1648 1239 proru
1704 1150 1838 1229 tant,.

242 1254 356 1340 unde
376 1249 599 1335 Habinnas
616 1248 659 1329 in
688 1240 1010 1329 Trimalchionis
1035 1240 1238 1325 convivio
1269 1237 1402 1337 dixit,
1431 1238 1461 1323 fi
1490 1240 1618 1327 filiam
1677 1240 1825 1329 aberet

241 1364 284 1453 se
304 1369 342 1453 ci
362 1389 481 1453 aures
499 1355 777 1447 abscissurum.
838 1356 1014 1439 Plinius
1033 1352 1086 1438 de
1108 1350 1333 1437 unionibus
1353 1352 1828 1467 atquesmaragdisver-

241 1478 296 1567 ba
314 1478 488 1577 faciens,
516 1470 704 1569 adhoc,
733 1473 815 1567 ait,
846 1469 1081 1581 excogitata
1094 1470 1198 1575 steret
1219 1466 1386 1551 aurium
1414 1469 1607 1554 vulnera.
1667 1468 1829 1553 Seneca

242 1594 294 1679 de
312 1596 408 1677 vita
426 1592 569 1687 beata,
597 1605 684 1697 cap.
709 1614 772 1688 17.
831 1579 901 1665 ‘Ut
929 1582 1081 1665 mulier
1109 1580 1326 1689 locupletis
1351 1579 1490 1664 domus
1518 1587 1678 1691 cerastem
1708 1584 1828 1665 artri·

243 1708 321 1799 bras
332 1719 515 1817 gereret.
571 1698 686 1781 Idem
706 1697 755 1780 de
782 1691 988 1800 beneficiis
1006 1690 1161 1777 scribit.
1249 1692 1347 1775 Non
1367 1696 1482 1801 satis
1509 1696 1563 1803 est
1579 1694 1829 1779 mulieribus

246 1818 433 1925 infirnia,
462 1810 543 1921 nist
555 1810 651 1895 bine
669 1839 717 1895 ac
746 1807 1138 2001 terrrapatrimonia
1166 1802 1340 1887 auribus
1349 1805 1646 1917 pependissent.
1705 1804 1838 1893 Hinc·

243 1929 329 2039 jam
349 1930 451 2015 olim
471 1927 689 2022 mulieres,
719 1946 873 2035 quema
905 1918 1080 2005 modum
1103 1916 1232 2002 hodie
1253 1974 1268 2015 ,
1297 1944 1472 2027 magnos
1491 1918 1636 2005 census
1657 1920 1828 2007 auribus

247 2040 416 2153 gestasse
436 2040 686 2149 colligimus.
744 2032 978 2147 Torquibus
987 2032 1056 2117 vel
1065 2030 1276 2116 aureisvel
1288 2034 1524 2140 argenteis,
1553 2034 1687 2148 iisque
1708 2058 1833 2143 gern-

248 2159 392 2253 matis,
418 2175 600 2266 uterque
619 2147 741 2235 sexus
762 2144 964 2255 fulgebat.
1024 2142 1212 2253 Maiores
1245 2147 1406 2257 antiqui
1436 2144 1592 2231 sumtus
1611 2150 1654 2231 in
1675 2148 1840 2233 calceis.

249 2270 294 2353 dc
322 2264 585 2353 seminalibus
605 2256 779 2373 posuisse
799 2259 1022 2356 videntur,
1049 2284 1178 2373 quam
1196 2283 1272 2341 nos
1301 2261 1511 2368 ponimus.
1568 2258 1839 2347 Calceorum.

248 2380 319 2465 vel
347 2379 576 2463 duodecim
606 2402 761 2484 genera
788 2369 970 2457 habuisse
990 2371 1212 2466 videntur,
1241 2369 1287 2453 id
1315 2369 1375 2455 est
1393 2369 1727 2489 obstragulorum
1747 2402 1840 2493 pro.

109 2568 113 2575 .
248 2490 429 2605 pedibus
460 2488 646 2575 vestalis
675 2483 880 2597 tegendis.
977 2480 1152 2567 Horum
1191 2481 1442 2569 diuturnum·
1468 2484 1587 2571 usum
1615 2488 1734 2602 quod
1766 2508 1842 2575 at·-

251 2606 392 2702 tinet,
432 2625 659 2713 utrumque
699 2619 939 2685 extremum
969 2596 1237 2710 Pythagorae
1266 2596 1457 2709 discipuli
1488 2599 1532 2685 &
1563 2602 1644 2685 Em
1672 2601 1843 2687 edocles·

250 2732 501 2815 tenuerunt,
529 2712 712 2829 quor'um
729 2712 822 2797 illos
841 2712 1052 2797 corticeos
1072 2710 1236 2796 calceos
1257 2709 1468 2811 habuisse,
1492 2712 1620 2798 Philo
1653 2715 1843 2800 retusiu-

252 2830 350 2913 vr'ra
370 2827 582 2941 Apollonii
601 2827 754 2924 tradit,
782 2824 894 2909 hunc
914 2825 1076 2909 aeterni
1092 2823 1187 2911 usus
1207 2850 1353 2909 aereos
1375 2823 1568 2935 gestasse,
1596 2826 1748 2909 Strabo
1777 2828 1844 2909 li·-

252 2942 324 3025 bro
345 2950 383 3028 6.
404 2940 547 3029 audior
567 2939 638 3027 est.
667 2934 888 3025 'Philetum
907 2937 1031 3023 Coum
1051 2958 1164 3023 tanta
1186 2940 1418 3047 gracilitate
1437 2936 1555 3025 suille
1574 2942 1841 3052 accepimus,

252 3075 300 3140 ut
320 3081 474 3166 corpus
504 3050 714 3166 plumbeis
733 3052 881 3137 calceis
901 3072 1050 3136 contra
1070 3051 1184 3135 venti
1206 3048 1329 3135 flatus
1348 3052 1544 3138 firmaret.
1603 3048 1769 3139 Verum
1789 3082 1843 3139 a·-

127 3188 132 3201 ·
253 3188 352 3253 cute
371 3168 538 3251 Varro:
569 3168 642 3281 qui
663 3162 846 3255 fabulam
864 3192 918 3249 ex
937 3160 1111 3248 AEliana
1130 3186 1300 3263 narrat,
1322 3192 1410 3279 quo
1430 3166 1550 3276 pado
1568 3166 1659 3253 fieri
1678 3187 1841 3279 potue*
1872 3236 1875 3241 .

253 3283 332 3384 rit,
364 3302 410 3369 ut
431 3280 612 3369 tantulus
632 3278 764 3366 homo
784 3300 921 3364 tantos
941 3278 1106 3363 calceos
1117 3274 1320 3387 gestaret?
1350 3278 1606 3365 Calceorum
1626 3280 1738 3393 apud
1759 3303 1843 3363 ve*

255 3412 366 3478 teres
384 3398 560 3484 omnino
578 3395 665 3481 duo
685 3420 839 3505 genera
868 3390 1065 3488 fuerunt,
1094 3418 1278 3507 quorum
1306 3390 1483 3477 alterum
1514 3396 1727 3503 integrum
1757 3418 1843 3505 pe·-

254 3506 353 3592 dem
381 3510 583 3616 tegebat,
611 3530 658 3593 ut
696 3508 874 3591 malleus
893 3565 907 3603 ,
926 3526 1031 3701 pero
1060 3505 1104 3591 δι
1127 3502 1407 3617 phaecaſsum,
1457 3507 1633 3592 alterum
1671 3504 1747 3593 nist
1778 3504 1841 3591 ad'

255 3618 459 3703 summam
480 3647 596 3705 oram
617 3620 747 3735 usque
767 3620 931 3730 pertine
962 3640 1003 3705 at
1024 3618 1211 3730 lorisque
1231 3617 1499 3720 firmabatur,
1523 3648 1611 3735 quo
1640 3620 1846 3733 caligam.

247 3735 434 3840 sileam,
472 3732 702 3843 crepidam,
740 3734 938 3817 braxeam
968 3732 1011 3815 δι
1042 3734 1280 3839 fiandalium
1308 3730 1462 3817 refero.
1521 3736 1707 3819 Messeis
1735 3738 1840 3842 (un-

256 3844 309 3929 de
331 3842 469 3931 forsan
490 3846 697 3931 Gallicam
716 3843 859 3948 Male)
879 3844 956 3929 soli
974 3845 1098 3930 initio
1117 3842 1309 3943 AEdiles,
1338 3872 1415 3931 nec
1437 3850 1466 3931 ii
1497 3847 1572 3934 nisa
1601 3846 1712 3935 sestis
1742 3846 1846 3933 die·-

255 3954 355 4053 bus,
383 3956 675 4044 induebantur.
763 3955 937 4043 Horum
964 3960 1184 4045 materiem
1205 3962 1337 4058 Allo,
1359 3958 1692 4049 insediocroceo
1711 3960 1836 4045 colo-

257 4095 329 4165 re,
356 4066 474 4153 fuill'e
493 4070 727 4181 perhibent.
805 4070 991 4182 Quando
1017 4074 1200 4184 primum
1221 4076 1397 4157 Romani
1416 4073 1639 4161 Senatores
1658 4073 1847 4161 calceati·

258 4182 456 4268 incedere
475 4186 718 4295 coeperint,
747 4210 894 4295 parum
915 4185 1088 4299 quidem
1108 4208 1228 4270 certo
1250 4185 1422 4273 constat.
1480 4190 1549 4274 De
1562 4190 1607 4274 C.
1619 4190 1762 4275 slsarii
1771 4210 1835 4277 ta·

257 4321 357 4383 men
377 4298 635 4408 temporibus
656 4299 699 4384 δι
719 4298 770 4407 J.
792 4300 1008 4405 caeſsaris,
1031 4326 1096 4383 res
1116 4298 1174 4383 est
1192 4302 1235 4384 in
1247 4298 1462 4399 confesso,
1487 4302 1835 4421 quandoquidem

257 4410 355 4497 huic
376 4412 603 4498 calceatum
623 4412 835 4521 objedum
856 4408 936 4494 esse
956 4409 1066 4522 apud
1087 4414 1267 4497 Dionem
1289 4416 1485 4524 legimus,
1512 4446 1602 4531 quo
1622 4420 1773 4503 altiore
1786 4446 1838 4503 u·

260 4526 423 4617 sebatur
443 4526 486 4615 dr
507 4523 642 4629 slavo,
673 4524 787 4640 quali
807 4522 858 4617 ab
879 4524 1062 4615 Albanis
1070 4524 1238 4639 regibus
1251 4530 1483 4642 prosapiam
1493 4530 1690 4625 duceret,
1714 4526 1845 4637 quod·

1694 4657 1837 4731 tamen
