4140 5646
452 208 1566 385 Mnusut'tnnum'utuounnnum.
1742 330 1824 413 ιι,

307 484 500 573 Tallicae
517 502 625 601 quot
656 504 734 571 uot
753 480 847 569 sunt
865 481 1088 595 scriptores
1107 486 1151 570 in
1171 484 1249 573 hac
1268 492 1437 578 navium
1456 492 1614 585 fabrica
1633 524 1732 587 cum
1751 534 1823 591 va-

248 600 323 687 tiis
343 624 559 686 remorum
577 510 795 712 ordinibus
805 595 1072 703 consentiunt
1083 596 1157 703 libi
1167 586 1631 721 speciatim‘Aaonymus
1647 616 1823 725 quidam
1899 686 1906 697 .

246 712 569 827 pbrafiologiam
598 736 676 797 nos
704 709 863 828 docet„
914 708 1226 799 Triacontort'rm
1254 713 1383 815 dicit,
1431 726 1819 833 teffaracontorum,

236 845 603 943 pentecontorum,
639 852 663 911 a
701 824 909 933 remigum
946 850 1148 923 numeror
1188 830 1404 913 unirentur
1433 860 1562 936 vero,
1610 838 1820 945 binatim,

244 942 461 1027 triremu'm
479 938 530 1027 ab
558 964 776 1027 remorum
796 936 1014 1027 ordinibus
1034 938 1163 1025 didas
1186 939 1365 1055 ,scripte
1450 942 1582 1059 Quod
1602 948 1632 1035 sr
1651 954 1723 1037 cui
1743 954 1822 1041 du-

245 1050 366 1141 bium
385 1074 617 1151 remaneat,
646 1078 735 1148 rem
756 1070 949 1137 veterum
977 1052 1147 1139 navium
1173 1054 1317 1143 icones
1354 1052 1408 1141 ad
1435 1058 1608 1147 oculum
1644 1065 1821 1155 demon-

245 1166 400 1263 strant,
429 1168 473 1251 in
493 1162 984 1278 quibusubservandum,
1011 1164 1129 1279 quod
1140 1162 1402 1253 Columbaria
1410 1194 1495 1257 nun
1505 1174 1550 1267 in
1560 1174 1714 1265 eodem
1726 1205 1822 1265 ver.

247 1280 362 1367 ticali
381 1278 530 1391 plano,
558 1276 631 1363 sed
650 1278 695 1365 in
705 1276 881 1366 modurn
891 1280 1139 1392 quincuncis
1159 1276 1353 1393 dispofita
1376 1279 1622 1395 adpareant,
1650 1316 1739 1403 quo
1756 1294 1820 1407 ip-

244 1391 292 1481 so
312 1391 365 1479 ad
384 1390 583 1477 Falrettr'
601 1392 849 1477 sententiam
868 1418 934 1476 res
953 1390 1203 1488 deduciturr
1234 1392 1374 1509 sicque
1393 1422 1447 1482 eo
1465 1396 1682 1507 problema
1691 1428 1821 1517 coge.

246 1528 343 1607 tur,
370 1525 527 1620 quanta
546 1502 698 1593 debeat
717 1500 799 1591 elle
828 1506 943 1591 navis
976 1504 1332 1618 perpendicularis
1353 1508 1555 1611 altitudo,
1582 1516 1627 1601 in
1684 1542 1738 1602 ua
1753 1546 1820 1605 re-

243 1644 414 1709 morum
431 1618 629 1705 ordinum
658 1640 799 1705 certus
818 1642 1016 1703 numerus
1034 1618 1149 1733 quasa
1166 1620 1209 1703 in
1228 1617 1359 1705 scalae
1389 1622 1608 1732 gradibus,
1636 1542 1711 1715 uhi
1728 1656 1820 1717 mu·

246 1754 324 1819 tuo
351 1732 635 1845 superimponi
665 1730 846 1829 debent,
874 1731 918 1818 in
946 1732 1071 1842 plano
1099 1730 1151 1815 ad
1171 1730 1439 1819 horizontem
1465 1734 1540 1823 sub
1569 1736 1670 1825 dato
1690 1766 1820 1851 angu-

243 1846 313 1947 lo,
339 1844 567 1933 inclinato?
597 1842 942 1965 Quinquiremes,
980 1844 1148 1929 navium
1176 1845 1221 1927 in
1248 1848 1468 1963 communi
1493 1846 1571 1937 usu
1598 1855 1819 1959 maximas,

245 1958 432 2045 adhunc
453 1956 628 2045 modum
647 1956 757 2043 haud
787 1956 1020 2043 difficulter
1047 1952 1334 2049 excitabimus.

300 2070 483 2159 Veteres
503 2068 797 2159 nonnullarum
814 2071 1050 2181 ingentium
1067 2068 1238 2155 navium
1257 2074 1502 2159 memoriam
1531 2071 1819 2187 reliquerunt,

244 2183 300 2271 ad
320 2182 642 2273 ostentationem
659 2186 790 2293 magis
806 2210 934 2297 quarn
953 2182 1006 2267 ad
1025 2180 1144 2267 usum
1162 2180 1473 2269 exstrudarutn.
1529 2184 1817 2277 AEdificanda-

244 2324 344 2385 rum
371 2296 547 2385 navium·
567 2296 725 2383 summa
754 2298 864 2381 inter
893 2316 1059 2381 veteres
1078 2298 1299 2382 Demetrio
1319 2298 1550 2381 Poliorcera'
1567 2302 1739 2412 peritia,
1760 2304 1817 2391 de
1918 2328 1921 2333 ’

245 2410 366 2519 cujus
397 2410 616 2497 maritimis
637 2408 754 2496 bellis
772 2408 880 2495 infra
898 2434 1090 2519 agemus,
1127 2404 1246 2493 suiffe
1259 2498 1271 2506 ,,
1284 2408 1476 2509 uidetur,
1505 2408 1684 2519 ipsarum
1702 2416 1834 2517 enirn,

244 2522 534 2635 magnitudine
553 2521 697 2613 amicis
716 2514 951 2634 liupdrem,
981 2522 1023 2607 dc
1045 2518 1357 2631 pulchritudine
1374 2520 1556 2635 aliquam
1574 2520 1819 2613 deledatio-

240 2640 376 2723 nemi
407 2636 455 2723 srs
474 2633 658 2720 hostibus
673 2634 881 2731 attulisse,
909 2632 1174 2719 Plutarchus
1191 2634 1375 2747 reliquit.
1431 2634 1569 2721 Naves
1580 2634 1680 2723 duas
1697 2636 1816 2725 sede·

244 2752 333 2833 cim
365 2664 409 2835 th
445 2745 685 2859 quindecim
706 2773 922 2834 remorum
950 2746 1148 2829 ordinum
1176 2744 1386 2870 confecit,
1414 2771 1550 2859 aeque
1575 2748 1699 2851 facile
1726 2776 1818 2837 mo·

239 2860 406 2946 liendas
423 2884 472 2943 ac
493 2858 665 2944 minoris
683 2856 845 2943 formae
864 2882 1014 2953 naveta
1044 2854 1251 2941 machinas
1269 2880 1486 2973 praeterea
1506 2860 1723 2947 nonnullas
1742 2890 1817 2951 ex·

277 2970 481 3083 ugnandis
502 2968 673 3059 urbibus
692 2990 812 3055 tanto
829 2970 1001 3079 ingenio
1035 2970 1316 3077 excogitavit,
1343 2992 1392 3055 ut
1410 2969 1669 3058 intuentibus
1688 2971 1815 3062 hosti-

238 3002 324 3173 bus
334 3083 653 3169 admirationem
663 3080 897 3190 injicerent,
907 3080 1015 3166 adeo
1026 3100 1072 3169 ut
1084 3078 1345 3187 Lyfimachus
1354 3084 1579 3169 Demetrio
1587 3085 1817 3175 inimiciffi·

246 3222 367 3293 mus,
387 3192 1075 3305 cuminspiciendarumnavium&
1088 3190 1374 3279 machinarum
1383 3196 1546 3280 veniam
1557 3198 1816 3309 impetravis-

244 3302 1804 3419 set,stupefa?rusexclamaverit,plusquamhumanohaecingeniocondita.

268 3412 272 3421 ’
307 3420 543 3506 Ptolemaei
569 3416 840 3531 Philadelphi
867 3414 998 3501 claffis
1035 3416 1278 3517 Athenaeus
1313 3416 1420 3502 hanc
1450 3424 1812 3527 enumerationem

246 3536 443 3649 reliquita
475 3534 582 3617 duae
613 3532 783 3641 triginta
809 3554 1026 3615 remorum
1054 3526 1282 3627 ordinum,
1311 3554 1392 3614 una
1419 3532 1591 3639 viginti,
1629 3546 1813 3644 quaruo'r

246 3676 357 3767 quae
395 3646 710 3741 ternudenum,
758 3642 864 3727 duae
903 3668 1010 3756 quae
1037 3638 1315 3738 duodenum,
1352 3642 1675 3755 quatuordecim
1702 3672 1812 3759 quae

245 3761 487 3855 undenum,
515 3758 685 3867 triginta
705 3782 811 3869 quae
829 3780 1066 3853 novenum,
1096 3754 1265 3863 triginta
1283 3751 1441 3864 septem
1459 3782 1566 3871 quae
1576 3754 1812 3867 septenum,

245 3874 436 3993 quinque
454 3896 562 3987 quae
579 3874 748 3967 lenum,
768 3868 918 3953 decem
938 3866 981 3953 &
1000 3867 1162 3979 septem
1170 3893 1277 3980 quae
1288 3866 1461 3979 quinum
1473 3888 1613 3966 erant,
1643 3870 1685 3955 dt
1707 3872 1809 3959 alte·

244 4016 298 4077 to
317 4004 435 4073 tanto
454 3984 616 4097 plures,
642 3982 796 4095 partim
815 4002 1066 4095 quaternum
1084 3979 1303 4069 ordinum.
1334 3982 1487 4089 partim
1517 3981 1643 4066 trium
1673 3980 1717 4067 dr
1745 3984 1810 4071 se·

245 4106 350 4201 mis,
376 4124 484 4213 quae
504 4094 744 4182 Trimiolia
761 4092 1032 4207 appellabant.
1089 4090 1273 4203 Reliqua
1291 4090 1520 4177 multitudo
1529 4093 1811 4204 navigiorum,
1851 4120 1854 4125 ·

244 4242 354 4335 quae
372 4239 449 4327 per
467 4210 598 4299 varias
616 4208 783 4331 imperii
801 4230 938 4322 partes
956 4204 1171 4295 distributa
1195 4222 1308 4303 erat,
1336 4224 1517 4319 quatuor
1536 4208 1712 4295 millium
1731 4236 1810 4299 nu·
1947 4210 1950 4215 ’

244 4352 411 4421 merum
430 4322 675 4411 excedebat.

297 4440 422 4553 Quae
441 4438 494 4523 de
506 4437 739 4523 Ptolemaei
748 4432 1019 4547 Philadelphi
1037 4430 1196 4519 duabus
1215 4428 1386 4518 navibus
1397 4432 1806 4521 exCalt'xequthe-

247 4584 372 4645 naeus
389 4552 550 4653 attulit,
586 4552 721 4637 multo
750 4550 829 4635 illis
856 4546 1154 4745 mirabiliora.E
1178 4604 1206 4651 „
1226 4546 1414 4645 Nauem,
1439 4546 1601 4663 inquit,
1630 4548 1807 4677 quadra-

1163 4682 1242 4745 ea
1694 4678 1809 4771 ginta
