4140 5646
416 301 931 432 manturanum
976 312 1073 406 ur
1116 311 1531 407 rountnom.
1680 322 1760 433 24,

256 526 375 632 nihil
402 532 601 618 Romanis
626 530 680 617 ad
707 516 940 643 augendam
971 548 1248 618 mercaturam
1278 529 1555 642 opportunius
1587 531 1929 638 accidit,av.c.72,.

199 670 327 761 quam
347 642 464 761 quod
481 639 717 760 AEgyptam
735 643 1038 757 improvinciae
1056 641 1233 732 formam
1254 640 1626 844 CaefimAasststus
1642 646 1765 735 rede·

201 779 336 874 gerat.
369 755 610 845 ·Immettsas
627 783 683 855 ex
700 753 891 873 AEgypto
910 752 1073 846 divitias
1092 756 1223 864 Roma
1242 753 1468 842 reficiebat.
1538 756 1629 867 ujus
1647 760 1761 849 urbis

199 869 445 985 primatium
462 895 594 985 penus
612 868 716 970 suit,
743 872 869 986 eique
887 889 973 958 tam
1001 867 1197 958 mirabilis
1223 865 1521 988 frumentariae
1546 874 1611 958 rei
1639 876 1763 987 eopia

194 1002 319 1083 erat,
355 1002 404 1071 ut
432 982 478 1071 δε
514 982 624 1074 tutia
650 1007 814 1072 annona
840 1003 1026 1072 caeteras
1054 982 1248 1095 regiones
1285 977 1503 1071 frumento
1535 981 1765 1076 sustentare

260 1093 350 1185 liet.
405 1094 473 1185 Eo
491 1098 754 1186 commercio
770 1098 977 1186 continuo
986 1094 1054 1197 ,ἃ
1065 1091 1179 1182 statis
1191 1087 1477 1207 temporibus,
1502 1093 1765 1189 sarmentum

243 1233 372 1295 amam
395 1206 469 1295 iub
498 1209 743 1322 Caefieriim
767 1208 988 1300 advetium
1014 1204 1097 1311 est,
1124 1206 1170 1295 n
1195 1204 1337 1322 postet
1363 1203 1446 1296 Coa
1477 1212 1766 1329 eatinepaiim,

199 1346 290 1442 qno
307 1321 352 1409 in
368 1322 468 1409 loco
494 1317 569 1411 sub
589 1319 847 1444 ipfit'adhuc
874 1317 1064 1410 Sultanis.
1091 1315 1348 1436 perduravit.
1460 1350 1526 1438 gy
1552 1325 1592 1409 ti
1646 1346 1762 1414 ortus

199 1452 353 1537 erant,
383 1434 619 1547 Paestum,
656 1440 788 1547 (nunc
806 1431 1038 1540 Damiata)
1057 1430 1198 1523 versus
1225 1434 1463 1535 orientem,
1620 1440 1764 1525 letran-

201 1548 328 1666 dria,·
359 1546 499 1636 versus
527 1548 809 1639 occidentem.
894 1546 1112 1636 Frumenti
1146 1546 1307 1636 summa
1323 1548 1368 1633 in
1386 1547 1496 1660 agris
1513 1552 1659 1665 copia,
1687 1550 1764 1639 ho-

152 1660 452 1862 ·zinfflefiad
469 1660 756 1862 Αῗῃῒςὶνίῑεε
774 1664 917 1776 inepta
933 1682 1104 1797 natura,
1130 1660 1177 1747 in
1203 1658 1323 1796 causa
1348 1657 1619 1861 fuerunt,Tut
1646 1681 1766 1798 ¹cere-

193 1795 619 2004 miam
633 1797 947 2088 ,ittam
967 1792 1766 2020 teneraetenerae

195 1997 453 2116 fundebant,
481 1998 604 2118 quale
621 2000 732 2089 inter
749 2030 772 2089 a
788 2004 827 2090 ia
847 2002 1063 2089 Moraeam
1088 1998 1216 2101 illud,
1244 1998 1426 2115 Vergilia
1447 2014 1489 2103 ¹,
1516 2000 1699 2087 Horatio
1718 2003 1764 2091 δι

178 2112 398 2224 itidem
415 2112 686 2204 celebratum.
741 2111 790 2202 In
808 2111 1044 2314 AEgystum
1062 2110 1202 2201 miffae
1219 2110 1517 2201 frumentariae
1536 2112 1677 2199 claffes
1685 2120 1762 2225 sa·

192 2243 274 2316 cra
290 2226 484 2327 Embole,
503 2230 623 2341 felia
640 2228 834 2330 Embaie,
861 2256 913 2318 au
945 2225 1097 2315 iebant.
1181 2223 1354 2313 Praeter
1374 2225 1452 2313 soli
1477 2223 1760 2331 fertilitatem,

198 2336 383 2457 AEgjpta'
407 2340 506 2427 sttus
532 2367 625 2446 earn
653 2340 862 2443 Arabiae,
898 2338 1070 2441 Indiae,
1097 2336 1361 2453 AEthiopiae,
1391 2338 1563 2451 Syriae,
1594 2339 1639 2425 &
1666 2366 1761 2427 om·

196 2455 317 2541 nium
342 2479 511 2552 orarum
538 2449 687 2548 or'eani
713 2456 889 2541 marisve
915 2453 1249 2549 Mediterranei,
1277 2476 1505 2539 commuue
1523 2452 1762 2564 emporium

197 2562 393 2686 satiebat.
413 2563 586 2653 Praeter
596 2568 711 2654 enim
719 2564 836 2682 quod
844 2586 991 2680 portus
1000 2563 1179 2653 habebat
1200 2563 1595 2678 opportuniffimos,
1623 2562 1760 2654 aditus

194 2675 251 2769 ad
269 2703 364 2767 eam
383 2704 502 2764 oram
520 2672 814 2776 difficillimus,
842 2676 1012 2764 arenosa
1040 2677 1093 2763 ad
1122 2679 1330 2762 orientem
1357 2674 1542 2775 deserta,
1572 2674 1762 2765 Rubrum

196 2817 316 2880 mare
339 2788 450 2873 ntus
479 2808 650 2899 tegent,
675 2815 775 2877 cum
802 2785 973 2885 isthmo,
1012 2784 1100 2902 AEg
1098 2806 1247 2917 ypram
1274 2786 1422 2897 Syriae
1450 2790 1759 2901 conjungente,

194 2906 243 2992 δι
260 2902 321 2988 ilii
339 2900 480 2987 versus
494 2900 714 2987 meridiem
733 2920 921 2999 montes,
948 2896 1133 3015 AEgypta
1151 2900 1351 2985 naturalia
1369 2900 1681 3015 propugnacula
1696 2930 1763 2991 re·

228 3012 470 3113 utabantur,
498 3038 608 3129 quae
635 3011 743 3099 adeo
770 3010 857 3121 ejus
875 3014 1230 3125 expugnationem
1248 3006 1469 3097 difficilem
1479 3013 1765 3117 reddidissent,

195 3044 271 3219 ira
298 3123 492 3214 bellicosa
520 3143 648 3237 gente
674 3122 901 3211 inhabitata
928 3122 1051 3223 esset,
1079 3121 1196 3234 cujus
1223 3149 1328 3211 vero
1355 3123 1487 3212 laudis
1506 3130 1764 3216 contrarium

159 3341 166 3352 ῃ
196 3240 366 3330 meruit.
421 3236 573 3326 Nilum
590 3235 785 3349 Sesostris
802 3234 1058 3323 duiioaIveo
1076 3260 1175 3324 cum
1193 3238 1299 3323 mari
1313 3236 1457 3324 Rubro
1475 3240 1762 3339 commiserat,

197 3347 653 3553 tintinnis
676 3349 1571 3550 mittiittttttn‘ftttttt·
1607 3352 1761 3553 ,iiii

198 3581 333 3692 riam,
362 3575 488 3691 Copta
516 3573 569 3663 ad
597 3521 786 3663 iiubram
823 3602 938 3663 mare
974 3574 1131 3661 munivi
1166 3600 1216 3674 e,
1253 3571 1298 3658 id
1333 3572 1467 3660 solum
1503 3488 1758 3663 amittiofius

198 3693 360 3779 Graece
378 3686 539 3779 homini
558 3685 716 3778 ditium
776 3708 907 3777 utato.
963 3686 1012 3775 ln
1038 3687 1203 3773 Indiam
1229 3684 1363 3774 miiias
1394 3687 1606 3799 aSestrstri
1632 3717 1756 3777 naves

197 3802 311 3896 haud
337 3799 445 3889 adeo
472 3827 618 3915 parvas
648 3800 710 3891 sui
743 3831 768 3887 e
794 3804 894 3890 inde
920 3821 1070 3918 patet,
1106 3804 1206 3917 quia
1235 3802 1320 3887 280
1348 3798 1591 3887 cubitorum
1617 3804 1758 3889 navim
1886 3819 1889 3825 ’

158 3959 168 4006 ·.
198 3919 327 4030 Offlri
345 3912 673 4003 consecraverat.
729 3915 881 4003 Navim
899 3912 1386 4031 inPiraeoAEgyptiam,
1419 3912 1758 4001 rao'eubitorum

197 4029 243 4117 in
259 4026 591 4141 longitudinem,
604 4058 608 4066 ·
623 4055 677 4130 30
695 4027 844 4129 latam,
872 4026 997 4113 altam
1015 4058 1094 4139 29,
1123 4027 1338 4112 Lucienus
1348 4025 1466 4113 vidit.
1500 4028 1757 4127 Ptolemaei,

198 4140 266 4230 La
293 4146 310 4225 i
346 4140 442 4241 filii,
469 4135 678 4253 pedestres
707 4140 751 4226 δι
787 4141 1011 4231 maritimas
1040 4138 1181 4252 copias
1220 4138 1436 4254 Appianas
1462 4142 1505 4225 in
1533 4136 1760 4253 praefatio·

195 4172 380 4345 neiunc
399 4256 444 4339 in
461 4251 638 4341 modum
657 4250 892 4367 descripiit,
919 4250 1082 4370 pedites
1092 4276 1261 4341 200000
1268 4308 1284 4352 ,
1310 4254 1646 4450 equites40000h,
1674 4254 1759 4337 eie-

1580 4392 1609 4481 p
1641 4384 1759 4453 antus

234 4590 413 4673 :virginus
434 4593 570 4675 oeorgtc.
588 4592 608 4657 i
628 4610 657 4659 a.
693 4553 832 4661 nonum
852 4594 1017 4662 caunum
1038 4592 1060 4654 1.
1083 4609 1111 4654 1.
1131 4590 1191 4655 oi.
1210 4604 1255 4671 37·
1292 4588 1462 4659 strabone.
1477 4604 1505 4653 1.

992 4704 1135 4798 Hh2
