4140 5646
435 252 533 384 ’··’··Ρ
603 275 876 433 naa
941 274 1223 437 aratu
1291 284 1329 443 t
1388 280 1557 453 0²³1?

119 506 359 631 nullorum
382 522 560 662 patria,
602 528 710 619 ante
734 512 824 616 hos
847 509 995 644 Xlla
1025 510 1210 617 circiter
1239 516 1389 621 a'n'nos
1416 517 1594 628 nostras
1634 530 1693 637 in,
1714 558 1810 633 ter·

121 700 194 765 ras
220 656 387 782 delati,
427 653 659 779 sedeshic
682 651 827 793 figere
851 649 1059 777 stabiles,
1098 648 1345 756 sr-meritis
1384 654 1579 764 fortuna
1615 663 1810 809 respon-

123 799 282 923 deret,
324 795 593 893 decrevere:
635 825 723 891 nec
748 784 878 928 spern
905 787 985 888 diu
1019 820 1227 891 moratus
1265 787 1331 892 est
1355 795 1571 901 euentus:
1610 809 1729 905 Ecce
1760 845 1810 905 e-

125 940 261 1055 nim,
302 935 456 1069 paucis
472 925 529 1026 ab
553 924 757 1026 adventu
779 922 1009 1024 menstbus
1035 923 1197 1063 elapfis
1211 1006 1226 1051 ,
1254 963 1400 1068 quum
1425 931 1593 1034 eodem
1616 969 1814 1084 uterque
1856 964 1861 971 “

127 1101 342 1209 tempore
366 1065 425 1165 ad
448 1063 756 1163 Academiam
791 1066 933 1158 Petro
968 1062 1196 1160 olitanam
1222 1069 1526 1193 invitaretur,
1567 1104 1682 1172 natu
1707 1115 1809 1180 ma.

95 1212 201 1343 ·jor
230 1198 420 1302 Strauit
449 1192 646 1301 mathesi
682 1230 738 1294 ac
773 1096 1101 1335 philosdphiae
1140 1201 1191 1294 in
1232 1198 1470 1301 academia
1493 1210 1811 1350 Franequera-

124 1375 190 1439 rra
211 1333 507 1480 profitendae
532 1332 835 1434 admovetur:
875 1329 991 1429 Illuc
1015 1327 1266 1432 abeuntem
1297 1342 1556 1439 comitatur
1580 1362 1696 1446 natu
1718 1357 1810 1450 mi-

124 1510 219 1576 nor
255 1481 474 1593 Darurc,
514 1502 693 1581 annum
717 1498 860 1606 agens
887 1471 1020 1569 XIX.
1054 1466 1403 1612 multarumque
1428 1478 1601 1579 notitia
1624 1478 1690 1580 lin
1728 1520 1809 1587 ua-
1836 1471 1839 1475 ’

56 1690 76 1711 ,
124 1620 251 1713 rum:
267 1616 369 1745 jam
403 1601 507 1705 satis
542 1599 778 1724 imbutus,
831 1636 885 1705 ac
907 1606 1169 1742 praecipue
1205 1610 1269 1707 in}
1293 1603 1639 1738 atithrne'tices,
1682 1516 1813 1759 dge-

125 1742 238 1845 brae
263 1777 316 1843 ac
332 1734 603 1841 ‚matheseos
627 1733 831 1837 scientiis·
852 1741 1041 1875 egregie
1061 1734 1284 1841 versatus·
1352 1738 1438 1849 ¹lbi
1475 1738 1521 1844 se
1553 1746 1613 1851 ad
1636 1750 1802 1860 clariss.

126 1872 801 1996 viiuanrn.W1nrunu1n,
839 1867 1103 1972 serenilsrmi
1136 1881 1362 2016 principis
1386 1885 1576 1983 Auriaci
1607 1883 1810 1993 Archia-

125 2010 619 2127 trnm'actmedicinae
641 2009 766 2150 apud
806 2014 1185 2152 Franequeranos
1211 2041 1315 2111 tum
1369 2009 1647 2119 rosessorem
1663 2020 1812 2156 (nunc

126 2149 306 2253 Leidae
331 2145 389 2250 ab
410 2160 547 2249 anno‘
573 2181 719 2274 1747.
745 2142 914 2246 iisdem
936 2141 1197 2251 honoribus
1224 2049 1554 2276 conspicuum,
1571 2164 1811 2294 gnaviter-

126 2320 220 2428 que
243 2277 546 2425 firngente'm)
574 2280 821 2422 adplicat,
846 2307 1095 2422 totumque
1131 2286 1219 2383 arti
1253 2320 1305 2383 m
1369 2291 1467 2401 'cae
1507 2287 1811 2399 addiscendae

125 2420 297 2545 tradit,
313 2417 478 2521 nobili·
490 2423 734 2554 Maj-orum
747 2416 1061 2523 aemulatione
1085 2412 1370 2544 stimulatus,
1388 2456 1590 2564 quorum
1613 2432 1665 2524 in
1690 2462 1809 2567 gen.

124 2553 465 2657 te·²a=ductntis
488 2580 619 2653 retro
643 2554 776 2652 annis
801 2550 914 2653 clari
948 2547 1129 2692 semper
1152 2551 1258 2657 'hac
1294 2585 1393 2657 arte
1417 2563 1653 2679 eminuere
1690 2571 1807 2690 viri,

103 2696 350 2833 idque-ea
372 2715 560 2812 tantos,
599 2722 660 2788 ea·
677 2715 776 2787 erat
810 2692 988 2827 ingenii
1016 2688 1287 2816 docilitate,
1336 2688 1468 2792 brevi
1504 2690 1655 2832 spatio
1692 2696 1807 2801 fecit

126 2821 428 2968 progrcffns',
456 2855 510 2925 ut
532 2822 725 2926 biennio
766 2818 857 2928 ¹ost
889 2823 1150 2925 medicinae
1189 2832 1461 2929 Dostorum
1496 2824 1632 2957 albo,
1671 2833 1807 2972 plau-

121 2961 572 3086 ‹h'daibtsctmfflm
611 2995 712 3059 non
729 2857 886 3062 sdlum
924 2956 1284 3085 adscriberetur3
1322 2960 1400 3069 sed
1437 2977 1485 3063 dc
1522 3003 1648 3064 anno
1686 2968 1807 3067 inse.

125 3114 305 3238 quante,
369 3090 682 3200 raeficeretur·
704 3089 981 3194 nosocomio
1017 3093 1236 3218 militari,
1289 3096 1651 3223 Rotterodami,
1692 3102 1805 3202 dum

83 3230 103 3249 ’
124 3229 305 3335 bellum
392 3262 575 3373 grarct,
614 3226 840 3332 instituto.
900 3239 1012 3353 ·At,
1052 3234 1135 3328 vix
1162 3236 1319 3366 paucis
1356 3230 1585 3331 menfibus
1610 3233 1672 3332 ibi
1698 3275 1806 3337 exa-

124 3374 239 3494 stis,
275 3365 407 3470 febre
431 3382 671 3506 correptus
696 3366 916 3493 ardente,
955 3363 1212 3465 undecimo
1241 3363 1299 3463 ab
1322 3363 1404 3464 illa
1429 3366 1530 3490 die,
1571 3371 1729 3470 medio
1755 3382 1806 3473 in

125 3510 296 3610 aeratis
308 3501 436 3604 dote
454 3503 553 3639 (vix
577 3508 706 3603 enim
742 3538 918 3601 annum
955 3508 1174 3640 attigerat
1210 3498 1387 3631 XXII.)
1426 3499 1671 3604 exstindtus
1710 3504 1801 3631 est,

32 3634 39 3651 ’
126 3643 684 3745 ananmuooxtvru
714 3635 979 3775 lugentibus
1005 3632 1224 3739 omnibus
1248 3633 1412 3760 bonis,
1453 3644 1503 3737 in
1534 3677 1735 3779 quorum
1761 3641 1806 3742 se

126 3779 251 3901 mira
267 3810 456 3875 morum
480 3771 699 3873 fira'vitate
728 3777 1000 3871 amicitiam·
1021 3767 1357 3892 insinuaverat,
1383 3870 1385 3875 ,
1410 3769 1584 3912 srbique
1620 3772 1805 3914 persua-

82 3981 88 3994 ·
125 3906 340 4011 deritibus
354 3987 369 4032 ,
410 3916 529 4011 tarlti
548 3903 764 4009 caussam
802 3907 914 4025 mali
940 3905 1072 4007 altius
1109 3906 1414 4009 derivandam
1440 3943 1466 4006 a
1503 3910 1705 4009 fatali&
1731 3920 1805 4010 in-

125 4034 287 4148 audito
299 4043 507 4189 quodam
524 4040 751 4185 casu,qui
764 4078 870 4143 eum
884 4041 1065 4182 aliquot
1078 4037 1307 4143 mensrbus
1334 4074 1444 4143 ante
1458 4043 1728 4168 adflixerat,
1758 4064 1805 4147 dc
1901 4161 1906 4179 ι

122 4187 393 4319 inlgtautm
415 4210 645 4283 terrorem
673 4215 727 4279 ac
746 4173 1045 4279 moestitiam
1081 4186 1375 4314 conjecerat,
1417 4177 1623 4317 indignis
1642 4182 1803 4313 ,modis

123 4316 490 4435 artuulultirante
515 4312 651 4453 plebe
676 4309 1205 4454 Franequerana,.quas1
1229 4349 1317 4452 pro
1341 4312 1667 4450 exploratore,
1709 4348 1806 4419 tta·-

123 4459 326 4577 aarum,
366 4450 496 4592 quod
529 4451 917 4588 Gallica121ingua
942 4450 1197 4589 plurimum
1221 4478 1456 4574 uteretur,
1510 4486 1738 4590 aegreque
1776 4489 1804 4554 a

119 4591 292 4691 Senatu
321 4587 445 4692 illius
480 4584 791 4712 Academiae,
831 4593 960 4722 cujus
999 4590 1109 4693 civis
1148 4618 1277 4709 erat,
1325 4582 1586 4710 servatum,
1627 4620 1802 4819 percpue

1694 4756 1804 4861 ru-
