4140 5646
426 253 986 369 „mansurarum
1032 256 1129 349 ur
1175 257 1591 355 nonnarum.
1762 295 1816 381 ,9

245 500 340 578 tur,
368 478 559 565 Aureum
579 479 806 563 Romanam
824 474 893 563 vel
909 475 1186 584 integriorem
1211 475 1354 563 Attica
1384 476 1451 561 vel
1469 479 1709 587 graviorem
1738 474 1817 565 sta·

246 591 419 679 tuendo.
480 590 622 677 Partes
639 590 726 677 illas
747 591 946 704 Agricola
963 614 1061 674 cum
1081 588 1330 703 quibusdam
1348 590 1434 675 aliis
1445 590 1609 676 secutus
1630 589 1715 689 est;
1736 591 1817 681 hae

247 707 458 791 Gronovia
478 702 488 765 ¹
515 702 781 815 grauissimis,
810 726 857 788 ut
878 703 1052 814 opinor,
1068 702 1299 789 rationibus
1313 703 1508 801 indusio,
1527 706 1787 815 placuerunt.

305 819 528 933 Agricolae
538 815 1063 928 argumentatioejusmodi
1084 815 1153 902 est.
1211 818 1660 919 „Crates,ait,Poeta
1681 822 1817 906 comi-

191 928 195 933 ’
245 990 275 1034 ,,
306 959 381 1017 cus
400 928 683 1039 Atheniensts,
713 928 983 1040 Semisextam
1000 930 1162 1027 Aurei,
1193 927 1385 1015 80bolis
1405 953 1633 1045 exaequatr
1668 940 1718 1018 16
1738 932 1817 1020 ita·
1933 978 1936 983 ·

244 1104 277 1147 ,‚
304 1070 387 1159 que
417 1045 569 1142 oboli,
591 1044 785 1141 Sextam,
816 1046 841 1125 6
863 1070 966 1129 vero
985 1043 1243 1128 Drachmam
1264 1044 1505 1130 conficiunt.
1564 1042 1715 1133 Sexies'
1734 1046 1817 1158 igi·

244 1217 274 1259 „
302 1180 372 1243 tur
395 1165 444 1242 16
464 1155 537 1246 seu
555 1165 609 1268 96
630 1155 784 1256 Oboli,
812 1156 878 1243 ves
902 1163 953 1243 16
983 1156 1224 1242 Drachmae
1253 1178 1474 1267 argenteae
1503 1157 1694 1243 Aureum
1725 1161 1817 1245 Di·

243 1330 272 1371 ‚,
302 1269 536 1356 drachmum
564 1291 858 1384 componunt,
887 1296 1016 1387 quem
1043 1268 1160 1359 AEris
1187 1272 1377 1386 quintam
1403 1272 1566 1382 partem
1584 1271 1816 1358 admixtam

244 1442 273 1484 „
303 1381 483 1470 habuisse
502 1412 557 1469 ex
576 1382 694 1469 diuis
716 1385 744 1467 li
776 1405 861 1470 uet.
919 1381 964 1469 Si
983 1386 1129 1482 enirn,
1157 1407 1204 1470 ut
1235 1387 1459 1481 Daricus,
1489 1384 1625 1470 omnis
1656 1385 1816 1471 alienae

245 1555 275 1596 „
304 1498 502 1585 materiae
522 1516 671 1610 expers
689 1495 751 1584 sui
784 1519 859 1596 et,
887 1496 1120 1583 Drachmis
1147 1522 1246 1583 eum
1272 1499 1480 1608 argenteis
1510 1497 1667 1583 vicenis
1698 1525 1817 1585 com-

244 1667 273 1709 „
302 1608 563 1697 mutassent'.”
592 1608 825 1699 Enimvero
843 1608 888 1696 id
905 1631 1155 1722 argumento
1174 1637 1326 1697 nervos
1345 1609 1572 1723 praecidit,
1601 1610 1817 1723 quodAr·

244 1725 371 1808 ticam
389 1722 698 1811 Didrachmu'tn
718 1725 883 1809 Daaica
899 1722 1074 1808 Stetere
1092 1723 1220 1837 vulgo
1248 1723 1586 1837 compensarent,
1615 1724 1659 1808 da
1680 1723 1816 1809 Athe-

244 1835 437 1945 nienstam
466 1838 640 1925 Nummi
668 1858 868 1954 tanquam
897 1834 1099 1949 purissimi
1137 1838 1327 1925 omnium
1356 1858 1482 1953 atque
1512 1834 1742 1925 nitidissimi
1770 1838 1816 1925 in
1873 1932 1877 1941 ,

244 1952 384 2065 pretio
403 1949 532 2040 habiti
551 1951 722 2038 fuerint.
768 1949 904 2030 rinna
917 1948 1057 2043 πάντων,
1079 1953 1137 2040 a'it
1157 1951 1462 2065 Aristophanes.
1715 1950 1719 2021 ἶ
1858 2041 1868 2059 .

303 2061 431 2149 Hanc
450 2064 758 2179 duodecuplam
778 2091 876 2153 cum
903 2061 1063 2151 semisse
1083 2069 1191 2152 Auri
1221 2065 1272 2151 ad
1304 2066 1543 2176 Argentum
1571 2066 1815 2177 proportio·

244 2202 344 2261 nem
363 2177 436 2263 illo
456 2180 598 2265 Plinii
618 2194 646 2236 ¹¹¹
672 2178 773 2265 loco
792 2178 958 2290 insuper
978 2179 1228 2265 confirmare
1247 2175 1435 2278 student,
1460 2204 1550 2291 quo
1571 2178 1687 2287 Byffl
1702 2178 1815 2263 scru-

242 2290 365 2399 pula,
393 2310 439 2373 ut
458 2290 597 2391 Auri,
627 2294 840 2378 Denariis
866 2293 1080 2404 quaternis
1108 2311 1340 2404 permutata
1368 2290 1544 2390 scribit,
1584 2288 1697 2374 unde
1724 2293 1817 2376 ‘Di'-

243 2401 462 2488 drachmus
484 2435 538 2514 24
557 2408 770 2492 Denariis
788 2404 1007 2493 enascitur.
1033 2442 1036 2447 ·
1064 2401 1229 2490 Verum
1249 2405 1301 2491 ad
1321 2402 1500 2491 nostram
1523 2428 1613 2487 rem
1634 2401 1816 2489 hicPli-

243 2516 306 2598 nii
324 2514 443 2603 locus
463 2520 578 2605 nullo
596 2519 729 2607 modo
747 2516 930 2632 spedat..
954 2517 1016 2604 .Si
1039 2519 1152 2605 enirn
1182 2515 1436 2606 Drachmam
1465 2517 1684 2615 Atticam,
1712 2540 1816 2631 qua-

241 2652 339 2715 rum
357 2633 475 2717 Aure
550 2632 665 2718 binas
676 2631 928 2744 pendebat,
958 2630 1270 2743 subintelligat,
1297 2633 1521 2744 proportio
1549 2626 1817 2741 duodecupla

240 2739 442 2852 prodibit.
531 2746 573 2827 in
595 2748 818 2829 Romanam
836 2745 1098 2829 ‘Drachmam
1115 2744 1277 2829 Unci-ae
1296 2744 1502 2828 Romanae
1521 2740 1732 2828 osiantem
1751 2742 1817 2826 in·

238 2853 402 2951 tendit,
432 2855 541 2937 ratio
564 2882 657 2957 13,7
686 2855 738 2938 ad
762 2884 781 2936 1
804 2857 1060 2964 reperietur,
1089 2880 1267 2966 quarum
1284 2877 1433 2939 neutra
1451 2852 1706 2964 propositam
1715 2879 1817 2966 pro·

238 2962 324 3048 bat.
384 2964 619 3048 Numerum
640 2968 783 3081 itaque
802 2964 1431 3074 rotundum-‚vero'proximum
1449 2968 1589 3078 potius
1608 2990 1817 3078 quamve·

240 3100 336 3160 rum
365 3071 573 3174 stadum,
602 3075 839 3161 describere
858 3075 1041 3161 noluisse
1059 3078 1240 3163 -Plinias
1267 3077 1466 3163 videtur-‚f
1536 3073 1656 3163 Hinc
1685 3077 1816 3163 decu·

241 3188 351 3301 piam
371 3189 578 3274 rationem
596 3186 856 3301 perdurasse,
886 3190 1140 3305 Aureosque
1165 3190 1369 3275 Romanos
1394 3188 1664 3277 Didrachmis
1691 3194 1817 3277 Ant-

241 3305 302 3387 cis
319 3301 443 3385 initio
462 3304 675 3412 graviores
693 3299 812 3390 fuisse
833 3302 1073 3389 Gronovin's
1091 3302 1336 3402 contendit,
1366 3302 1535 3418 hocque
1550 3301 1814 3414 superstitum

240 3404 541 3511 nonnullorum
559 3415 748 3529 pondere
766 3417 905 3502 evinci
924 3412 1141 3501 existimat.
1200 3420 1368 3501 Aureos
1387 3418 1593 3499 Romanos
1610 3414 1815 3526 aserupu-

240 3528 290 3729 'ds
308 3539 356 3634 7¹,
375 3526 428 3724 apd
446 3534 649 3650 quaterna
678 3527 752 3615 sub
783 3528 1041 3643 Constantino
1068 3527 1258 3615 redaiios
1274 3588 1293 3655 Ι,
1321 3528 1482 3629 Solidos
1511 3525 1711 3615 dixerunt
1728 3534 1813 3613 'aut

276 3660 379 3726 extu
397 3671 457 3725 as.
536 3670 539 3675 ·
626 3702 634 3719 .
1246 3678 1249 3683 ¹
1293 3666 1297 3673 ·
1339 3670 1346 3681 ·
1421 3690 1424 3695 ·
1690 3668 1694 3677 ·

300 3768 322 3811 ¹²
341 3753 483 3840 Locus
504 3758 548 3845 in
567 3753 733 3843 Codice
752 3755 806 3842 de
827 3756 1012 3870 Argenti
1024 3758 1167 3870 pretio
1185 3754 1276 3843 talis
1296 3752 1365 3839 est.
1425 3752 1631 3866 Jabemns
1661 3770 1713 3838 at
1728 3773 1814 3867 pro

241 3866 434 3982 Argenti·
439 3871 631 3978 stimma,
659 3900 780 3986 qaam
810 3874 907 3986 quis
935 3867 977 3955 T
971 3871 1161 3982 hefia'uris
1171 3873 1314 3981 fuerit
1339 3870 1545 3953 illaturus
1556 3917 1577 3967 ·,
1606 3869 1815 3977 infirendi

241 3982 355 4068 Auri
376 3984 556 4095 accipiat
567 3988 844 4094 fhcnltatem,
875 3987 940 4068 ita
961 4004 1009 4067 ut
1023 3984 1291 4099 prostragulis
1318 3982 1442 4065 libris
1462 3981 1649 4095 Argenti
1667 3983 1816 4097 quinas

240 4094 401 4182 Solidos
427 4092 603 4207 iitferat.
681 4097 835 4187 Solidis
862 4096 1028 4219 singulis
1060 4131 1088 4206 4
1114 4098 1305 4219 scrupula
1333 4092 1593 4197 tribuendo,
1620 4124 1677 4181 ao
1701 4095 1815 4295 puri

191 4232 195 4237 '
523 4234 528 4243 '
570 4268 574 4273 -
1172 4276 1176 4283 -
1429 4240 1433 4247 '
1720 4234 1832 4298 (ΖΝ-ι

279 4439 288 4498 Ι
313 4438 445 4501 Gronov.
460 4437 497 4498 de
513 4439 580 4502 Pec.
595 4443 676 4503 vens
696 4459 724 4502 a.
734 4463 759 4505 c.
769 4447 797 4509 i.
835 4461 864 4505 rn
894 4443 966 4507 Piin.
986 4444 1004 4503 1.
1045 4442 1089 4503 nis
1102 4440 1238 4503 Denariis
1253 4439 1382 4519 scriptula
1398 4439 1457 4514 ejut
1470 4447 1630 4515 permutata
1648 4432 1806 4513 quondam,

243 4528 286 4583 ιο.
301 4535 326 4575 c.
346 4534 370 4575 r.
410 4516 700 4596 proximonum,
718 4524 868 4583 muitarum
883 4518 1007 4581 maxime
1045 4521 1170 4589 utanri,
1188 4521 1312 4599 reperio.
1370 4534 1398 4579 n·
1417 4520 1449 4579 b.
1464 4516 1698 4600 Quotiescunque
1718 4508 1752 4569 G
1768 4500 1809 4571 se

242 4588 351 4654 deliciis
370 4592 448 4654 circa
470 4594 545 4656 Elim
572 4597 602 4657 in
627 4596 739 4661 Achaia
759 4600 877 4676 genito:
898 4611 1007 4677 quater·
1046 4597 1167 4674 suscept.
1333 4594 1336 4601 '
