4140 5646
509 268 1541 371 munsunnuunnanononnonn.
1738 324 1818 401 2„

254 510 446 581 mentum
483 488 654 574 Romam
688 484 929 591 vehebant,
975 516 1100 579 naves
1135 493 1287 579 itinere
1324 493 1735 599 intercludebantur,
1774 504 1820 589 dc

252 604 355 693 urbs
373 606 484 691 farne
502 604 592 691 fere
612 602 852 691 necabatur.
910 602 1092 717 Templa
1103 602 1310 721 urbesque
1320 605 1374 693 ad
1393 608 1550 695 Italiae
1567 618 1819 701 maritimam

253 744 372 805 oram
401 718 572 833 positas,
609 741 680 804 aut
708 718 993 831 diripuerunt,
1030 738 1101 803 aut
1129 717 1328 831 stipendia
1355 722 1540 835 pendere
1570 734 1817 839 coegerunt.

251 831 456 921 Maximis
466 859 562 918 cum
573 830 762 919 classibus
780 834 823 915 in
842 830 933 943 ipso
943 830 985 917 T
978 830 1108 917 iberis
1122 830 1228 918 ostio
1238 834 1395 945 piratae
1407 835 1655 927 visebantur.
1713 840 1818 927 Om-

251 950 321 1033 nis
343 952 507 1059 generis
517 962 640 1033 navet
649 944 758 1031 ultra
768 944 881 1031 mille
891 944 1186 1042 numerabant,
1214 946 1258 1029 in
1279 948 1410 1033 varias
1419 946 1559 1037 classes
1569 950 1818 1041 distributas.

251 1060 410 1147 Portus
430 1060 473 1145 δι
502 1057 661 1143 navalia
680 1058 857 1171 piurima
877 1056 1134 1156 habuerunt,
1161 1056 1234 1143 sed
1253 1062 1476 1173 praecipua
1494 1066 1537 1148 in
1559 1064 1709 1153 Cilicia
1768 1098 1816 1155 o-

251 1172 443 1272 suerant,
461 1170 677 1284 exquibus
695 1168 835 1257 classes
853 1171 969 1270 suas,
997 1168 1094 1255 data
1104 1168 1346 1269 occasrone,
1372 1171 1660 1263 instruebant..
1744 1208 1816 1267 an-

250 1282 1376 1399 nnmmmmmmvmmmoeQMmmmmoemt
1463 1290 1817 1405 Pangmn

248 1400 382 1509 majus
399 1401 622 1511 imperium
640 1396 817 1507 obtigit,
847 1425 974 1512 quam
991 1397 1067 1483 ulli
1086 1419 1180 1484 ante
1201 1426 1299 1485 eum
1318 1402 1403 1487 civi
1416 1402 1596 1487 Romana
1615 1402 1816 1493 collatum

246 1512 408 1611 fuerat,
435 1514 529 1614 cui,
558 1538 637 1625 pro
656 1509 797 1595 debita
816 1536 964 1597 cortun
975 1533 1216 1624 temporum
1225 1512 1426 1599 libertatis
1436 1543 1558 1615 cura,
1585 1517 1817 1605 moxamis·

247 1626 338 1726 sae,
365 1626 534 1739 plurimi
552 1621 807 1710 invidebant.
865 1626 964 1710 Non
993 1626 1147 1709 minori
1173 1628 1329 1739 quippe
1347 1629 1550 1739 imperio,
1577 1658 1704 1743 quam
1723 1632 1815 1718 om-

245 1744 364 1827 nium
383 1742 586 1838 marium,
616 1766 638 1822 a
656 1734 769 1821 freto
789 1734 1003 1824 Gaditano
1022 1736 1077 1821 ad
1095 1736 1361 1851 Bosphorum
1380 1740 1476 1825 Thr
1501 1738 1639 1827 cicum
1658 1742 1813 1859 usqne,

248 1855 453 1941 &totius
480 1852 710 1938 maritimae
737 1876 860 1948 orae,
898 1852 1007 1935 intra
1038 1878 1092 1955 50
1117 1880 1141 1936 a
1168 1854 1273 1937 mari
1301 1770 1513 1955 milliarii,
1544 1876 1712 1942 ornatus
1740 1856 1814 1945 est.

248 1964 431 2055 Classem
451 1968 616 2056 navium
641 1990 747 2067 500,
773 1964 925 2075 partim
943 1962 1146 2063 Romano,
1176 1966 1328 2075 partim
1345 1964 1462 2053 socio
1482 1968 1615 2053 milite
1624 1970 1814 2081 cornple-

245 2106 358 2183 tam,
387 2078 543 2165 habuit.
601 2075 688 2163 His
707 2074 863 2162 viribus
890 2080 1118 2188 piratarum
1137 2074 1302 2163 classem
1335 2078 1390 2161 ad
1418 2080 1590 2163 Ciliciae
1609 2106 1727 2166 oram
1737 2081 1812 2168 'fu-

244 2198 384 2309 gavit,
414 2193 458 2279 dt
477 2192 646 2304 propria
666 2189 740 2275 fibi
756 2189 832 2277 soli
851 2192 913 2275 rei
930 2188 1138 2301 gerendae
1159 2192 1322 2275 ratione
1349 2188 1530 2277 feliciter
1549 2190 1706 2279 bellum
1724 2216 1812 2281 ter·

244 2310 441 2404 minavit;
473 2304 590 2417 cujus
609 2302 782 2419 quidem
800 2304 1065 2415 praecipuam
1083 2324 1246 2413 partem
1266 2328 1349 2413 ego
1366 2304 1411 2387 in
1440 2302 1527 2412 ejus
1553 2304 1811 2393 moderatio·

246 2448 302 2509 ne
332 2422 374 2507 ἃ
405 2420 628 2506 clementia
657 2417 867 2531 posuerim
885 2446 919 2515 ,··
938 2443 1020 2525 qua
1059 2440 1133 2501 eos
1172 2444 1195 2501 a
1235 2414 1523 2527 desperatione
1560 2417 1811 2519 revocabat,

246 2562 428 2651 quaque,
438 2556 535 2618 cum
545 2534 594 2617 iis
614 2534 719 2615 mari
738 2526 1037 2629 interdixisset,
1053 2526 1172 2615 sedes
1189 2526 1456 2641 illis&agros
1474 2530 1518 2615 in
1536 2530 1810 2619 interioribus

243 2652 367 2737 terris
387 2642 589 2733 colendos
606 2642 855 2753 adsrgoa'vit,
885 2668 994 2755 quae
1003 2640 1280 2727 mansuetudo
1298 2642 1425 2727 cosin
1443 2640 1656 2730 sidiffimos
1674 2672 1811 2758 popu·

241 2764 272 2849 li
294 2760 470 2847 Romani
495 2754 682 2841 subditos
699 2756 924 2841 convertit.
1020 2752 1128 2837 Belli
1145 2752 1266 2862 hujus
1283 2752 1387 2839 felix
1404 2756 1536 2857 ratio,
1563 2757 1681 2871 quod
1698 2760 1809 2847 intra

240 2898 331 2961 tres
356 2867 516 2957 menses
544 2866 555 2925 ¹
583 2864 793 2966 confecit,
831 2865 942 2951 vitae
969 2866 1167 2976 Pompeji.
1187 2864 1493 2951 illustrislimum
1520 2868 1658 2955 forsan
1686 2897 1809 2960 orna-

238 3005 435 3075 mentum
453 2979 534 3078 est,
564 2978 609 3063 δι
626 2976 881 3086 (mejudice)
899 2977 1080 3063 summas
1102 2978 1294 3085 Caefiaris
1309 3005 1375 3064 res
1385 2976 1515 3089 gestas
1532 2978 1709 3096 superat.
1741 3054 1746 3061 .

300 3098 346 3183 ln
356 3094 668 3183 mediterraneo
687 3090 791 3174 mari
801 3088 932 3173 libere
941 3116 1053 3175 nunc
1065 3090 1237 3204 quidem
1245 3092 1539 3202 navigabatur,
1557 3094 1734 3185 restituti
1745 3120 1808 3187 ta·

244 3236 345 3301 rnen
354 3206 602 3295 commercii
618 3228 770 3316 parvus
787 3200 944 3288 studius
953 3202 1006 3287 ad
1016 3205 1219 3291 Romanos
1236 3202 1520 3307 redundabat,
1549 3208 1700 3321 quibus
1713 3210 1805 3299 scil.

242 3323 354 3411 bella
363 3320 720 3409 commerciorum
735 3314 836 3401 loco
856 3335 988 3400 erant.
1045 3314 1158 3402 Mox
1172 3343 1282 3403 nova
1291 3344 1433 3405 return
1443 3321 1721 3429 gerendarum
1731 3351 1806 3409 oc-

242 3438 353 3529 casro
383 3434 583 3520 Romanis
610 3428 747 3516 oblata
776 3426 847 3513 est.
933 3426 1118 3514 Subasiis
1168 3431 1294 3541 uippe
1314 3432 1496 3529 Galliis,
1523 3434 1569 3517 in
1585 3432 1805 3521 Oceanum

241 3547 552 3643 occidentalem
583 3538 723 3629 classes
755 3538 844 3626 suas
863 3538 1076 3627 miserunt.
1179 3568 1280 3627 uum
1300 3544 1414 3628 enim
1441 3544 1614 3629 domitis
1632 3548 1803 3661 Belgis,

241 3670 289 3757 in
308 3663 579 3749 Britanniam
607 3654 843 3745 invasurum
874 3653 1090 3763 Caesarem
1119 3656 1270 3739 Veneti
1296 3656 1700 3760 animadverterent,
1729 3672 1806 3779 qui

238 3782 361 3875 illurn
380 3779 492 3862 circa
506 3774 678 3857 Vannas
694 3773 738 3855 in
758 3768 988 3852 Britannia
1006 3770 1027 3871 i
1047 3766 1223 3867 tracium
1243 3768 1505 3870 incolebant,
1533 3796 1726 3888 quosque
1735 3803 1805 3863 ea·

242 3899 342 3986 dem
364 3914 461 3977 cunr
479 3886 628 4001 Belgis
644 3886 815 3974 natione
833 3881 1035 3969 oriundos
1054 3880 1427 3994 Straboperhibet,
1454 3882 1527 3969 sed
1536 3892 1804 3977 commerciis

240 4004 431 4103 maximis
461 4001 690 4085 Britannis
716 3995 928 4106 conjunsii
948 4016 1089 4094 crant,
1116 3994 1273 4108 aliquid
1303 3996 1472 4103 Caesari
1489 3999 1531 4081 in
1553 3999 1711 4085 Galliis
1727 4028 1803 4089 ne·

240 4102 1564 4245 gmssmfflmmmmnmm,mapmmfflomfflmm.
1650 4116 1804 4253 mma

1728 4230 1804 4371 el

278 4428 291 4491 ι
312 4423 476 4562 olympia.
492 4424 556 4496 an.
568 4422 606 4484 v.
625 4421 660 4483 c.
674 4424 742 4499 an.

430 4500 737 4579 telllgcprovlnciam,
756 4509 843 4579 qnam
851 4486 988 4575 aenean
1001 4488 1079 4559 cain
1093 4492 1209 4555 vomat.
1269 4539 1273 4547 .
1347 4489 1350 4497 ’

279 4504 388 4583 illam
1077 4566 1161 4683 Gg
