4140 5646
480 248 1001 347 muusuunnum
1030 254 1074 341 er
1104 218 1522 354 PONDERUM.
1741 300 1823 377 255

243 469 549 565 conciliandam
567 494 645 581 per
664 490 813 553 omnes
831 467 1090 577 provincias,
1129 467 1403 557 Britanniam
1420 478 1630 591 inprimis,
1659 504 1827 591 pacem,

241 590 347 679 nihil
368 614 455 671 non
475 582 762 694 excogitavit,
797 605 926 695 quem
955 584 999 666 in
1019 582 1146 668 finem
1165 588 1380 702 utrimque
1399 590 1452 676 ad
1471 619 1586 680 mare
1606 598 1820 703 pertinen·

243 724 336 791 tem
356 694 505 786 foliam
532 696 683 795 duxit,
714 721 828 893 puae
859 714 1024 807 partem
1049 697 1232 811 Angliae
1272 700 1454 789 sterilem
1477 706 1649 795 asertili
1677 708 1818 795 distin-

243 814 420 931 guebat.
503 808 574 897 Ab
603 836 713 924 expe
744 811 877 895 itione
906 830 1054 895 contra
1083 811 1275 898 Parthos
1301 816 1492 903 reversus
1514 879 1534 920 ,.
1568 826 1818 909 commercii

241 931 366 1019 usum
396 929 441 1013 in
468 928 621 1013 itinere
669 950 756 1037 quo
795 919 860 1009 AE
882 942 1034 1039 ypram
1072 924 1198 1025 adiit,
1247 926 1466 1041 spedavit,
1515 930 1587 1017 ubi
1619 964 1673 1021 ue
1713 938 1821 1053 quid

242 1040 469 1133 commodi
497 1066 630 1127 exeo
659 1062 836 1149 regnoa
894 1036 1098 1151 populum
1130 1040 1356 1129 Romanum
1378 1044 1516 1131 redire
1534 964 1697 1161 podet,
1723 1054 1818 1137 l'oli-

241 1157 441 1247 citiffime
478 1150 768 1265 disquirendo.
848 1147 904 1237 Et
933 1152 1097 1240 tametsi
1124 1155 1292 1241 easdem
1321 1184 1414 1243 oras
1452 1160 1610 1247 eodem
1644 1192 1818 1280 quoque

240 1292 293 1361 ut
311 1265 532 1356 videbatur
561 1266 760 1367 confilio,
796 1263 904 1353 filius
924 1266 1012 1379 ejus
1032 1268 1255 1353 Caracalla
1281 1268 1496 1373 adiverat,
1518 1274 1572 1361 ad
1599 1278 1817 1388 ingentem

242 1384 359 1491 illam
368 1379 705 1468 Alexandrinam
722 1380 897 1469 caedem
915 1380 1098 1469 vindicia
1118 1402 1338 1497 permotus
1357 1405 1497 1473 tamen
1517 1387 1715 1491 videtur,
1735 1420 1822 1509 qua.

241 1497 406 1587 nullum
425 1516 567 1583 tamen
584 1510 896 1594 mercatorem,
919 1494 977 1583 ob
995 1520 1146 1583 eorum
1163 1494 1383 1585 hominum
1401 1498 1604 1611 singulare
1622 1504 1825 1609 studium,

243 1612 437 1701 violavit.
518 1608 791 1699 Commercia
819 1609 1069 1699 Alexander
1086 1611 1294 1713 Severus,
1323 1614 1507 1726 prudens
1525 1618 1817 1737 virtuosusque

241 1729 464 1841 princeps,
499 1727 545 1811 in
572 1723 658 1838 ipsa
686 1724 791 1811 urhe
821 1725 992 1811 minutis
1020 1728 1222 1839 portoriis
1257 1726 1572 1841 multiplicavit..
1650 1732 1822 1824 Primus·

240 1844 356 1929 iuter
372 1842 647 1953 imperatores
666 1834 786 1923 fuilse
804 1836 997 1938 videtur,
1034 1841 1110 1953 qui
1127 1837 1303 1951 singulas
1322 1843 1631 1953 negotiationes
1650 1844 1823 1959 singulis-

241 1950 800 2065 collegiis2attribuerit,luis
831 1978 886 2036 ue
903 1949 1136 2064 privilegiis.
1150 1952 1419 2055 mriiaverit,
1442 1955 1492 2040 iis
1512 1978 1712 2067 patronos
1740 1988 1825 2075 per

240 2094 297 2157 ex
314 2066 411 2183 iplis
427 2066 617 2175 collegiis
635 2062 814 2177 delegen
846 2091 897 2165 o,
931 2064 1177 2179 judicesque
1195 2066 1440 2154 dirimendis
1457 2068 1599 2155 litibus
1618 2074 1818 2163 constitu·

241 2180 371 2271 endo.
397 2178 486 2295 lpse
506 2179 774 2263 Mariminus
790 2205 848 2265 ex
863 2178 1133 2291 praediorum
1150 2178 1321 2265 suorum
1339 2182 1383 2267 in
1401 2178 1583 2267 Thracia
1599 2192 1822 2297 preventi--

240 2294 349 2397 bus,
378 2292 455 2381 suo
483 2292 610 2377 natali
629 2291 744 2395 solo,
755 2291 977 2491 (puorlum
995 2294 1131 2408 Opilii
1149 2292 1343 2379 Macrini
1363 2294 1629 2407 tyrannidem
1649 2297 1815 2411 fugiens

238 2408 329 2499 sese
345 2427 588 2521 receperat,
625 2432 725 2494 cum
797 2406 909 2493 ethis
934 2407 1191 2494 commercia
1218 2408 1404 2519 agitavit.
1462 2410 1723 2497 Aurelianus
1741 2442 1816 2503 co·

239 2526 414 2637 girans,
456 2542 661 2637 quantum
698 2541 964 2609 momentum
1000 2516 1264 2636 AEgyptiaca
1291 2524 1548 2608 commercia
1577 2522 1815 2631 traherent,

240 2660 329 2728 tam
346 2634 589 2724 Indicarum
615 2662 670 2721 ex
688 2632 879 2751 AEgypto
897 2634 1182 2732 venientium,
1210 2660 1340 2749 quam·
1365 2633 1684 2723 domesticarum
1704 2666 1821 2726 mer·

240 2752 356 2839 cium
384 2751 533 2865 pretiis
560 2746 736 2835 modum
763 2748 904 2835 statuit
926 2782 941 2845 ς
980 2746 1037 2878 a·
1055 2776 1151 2863 quo
1171 2746 1336 2833 facilior
1355 2746 1523 2835 veilura
1543 2746 1673 2851 elset,
1695 2780 1817 2841 com·

238 2863 397 2951 modae
412 2862 577 2953 Tiberis
595 2862 640 2947 &
668 2861 769 2947 Nili
784 2862 1041 2972 navigatiom
1067 2858 1306 2975 prospexit,
1341 2859 1384 2945 δι
1405 2882 1452 2945 ut
1473 2888 1661 2949 annonae
1679 2868 1821 2953 vilita-

239 2981 329 3112 tem
349 2978 466 3092 plebs
494 2976 759 3091 experiretur
768 3036 789 3077 ,.
821 2972 1093 3063 constitutum
1109 2974 1284 3089 panibus
1311 2972 1820 3095 pondoimmutatopre-

240 3112 305 3179 no
323 3093 452 3179 auxit.

296 3202 652 3318 septentrionales
688 3198 887 3288 barbarae
916 3222 1096 3313 gentes,
1133 3226 1261 3318 quam
1296 3198 1546 3292 neceliariae
1584 3205 1822 3296 maritimae·

202 3325 207 3333 '
238 3319 354 3406 vires
382 3315 436 3402 ad
462 3316 675 3428 proposita·
699 3314 867 3401 eonsrlia
896 3312 1061 3413 ellent,
1096 3314 1350 3415 sentientes,
1384 3320 1428 3400 in
1456 3342 1510 3402 eo
1538 3318 1813 3405 Romanorum

238 3430 484 3541 exemplum
510 3426 628 3544 sequi
652 3426 928 3515 instituerunt.
1014 3426 1128 3513 Cum
1146 3432 1330 3542 primum
1347 3430 1569 3538 imperium
1588 3432 1814 3517 Romanum

196 3579 200 3597 ·
239 3542 491 3635 invaderent
521 3542 688 3642 Gothi,
722 3569 820 3629 cum
840 3542 1031 3627 exercitu
1064 3570 1231 3641 320000
1259 3540 1506 3639 hominum,
1542 3568 1678 3627 naves-¹
1698 3574 1823 3630 2000·

242 3658 341 3769 (vel
361 3664 472 3742 6000
490 3654 719 3745 secundum
740 3654 971 3765 Zostmnm)
1000 3654 1259 3755 habuerunt,
1285 3656 1329 3740 iri
1348 3652 1466 3741 Ollio
1486 3653 1586 3765 istri
1606 3657 1649 3739 in
1668 3654 1822 3745 Ponto·

241 3769 416 3859 -Erxino
434 3770 691 3871 aedificatas,
709 3768 958 3885 quaeelaffis
969 3770 1148 3855 maxima
1168 3796 1223 3855 ex
1240 3788 1379 3881 parte,
1410 3788 1482 3853 aut
1501 3764 1730 3879 pestilentia
1740 3792 1813 3858 aut

242 3882 585 3971 bellifortunr'in
597 3883 876 4083 Archp'pelago
896 3882 1086 3969 absumta·
1100 3882 1171 3969 est.
1200 3881 1437 3995 Imperante
1457 3880 1818 3992 ConstantioAra·

241 3996 314 4085 des
335 4026 443 4106 1700
462 3999 630 4083 navium
650 3999 713 4085 cla
747 3999 833 4083 ein
853 3998 1169 4082 Mediterranea
1187 3998 1291 4081 mari
1310 3998 1652 4106 comparuerunt.

298 4110 495 4213 Firmus,
523 4114 597 4226 qui
615 4132 817 4223 regnante
827 4110 1059 4197 Aureliano
1079 4114 1096 4219 (
1107 4138 1128 4195 a
1148 4136 1236 4223 quo
1255 4106 1441 4193 deviilus
1462 4105 1549 4210 est)
1575 4105 1663 4222 AEg
1659 4127 1813 4221 ypram

240 4246 547 4341 occupaverat,
583 4225 627 4309 in
646 4249 701 4309 eo
728 4223 887 4311 laudari
905 4224 1081 4324 meruit,
1118 4222 1236 4336 quod
1264 4220 1401 4305 omnis
1421 4223 1586 4331 generis
1602 4247 1818 4309 commeta·

241 4343 335 4440 cia,
356 4337 505 4423 Iadica
521 4335 810 4451 potiffimum,
831 4340 882 4423 ils
897 4340 941 4423 in
961 4337 1082 4423 terris
1099 4332 1411 4447 multiplicavit..
1459 4332 1576 4417 ldem
1595 4336 1813 4421 confilium

243 4452 407 4541 secutus
416 4450 475 4538 est
485 4449 953 4539 Saturninus&eadem
965 4476 1136 4565 quoque
1147 4446 1316 4534 fortuna
1325 4446 1432 4532 usus.
1453 4444 1582 4559 Apud
1593 4445 1811 4533 historicos

244 4564 395 4677 deeius
405 4568 499 4655 aevi
507 4564 723 4653 Hadriani
742 4563 916 4682 epistola
932 4568 1093 4653 tuentio
1112 4564 1159 4650 fit
1169 4588 1274 4677 ,qua
1285 4560 1355 4649 ille
1365 4560 1485 4661 vitri,
1512 4560 1711 4673 papyri&
1730 4562 1811 4645 lin-

1753 4680 1820 4762 tei·¹
