4140 5646
421 285 501 372 268
653 275 965 369 TABULAE
995 271 1759 392 ANT1Q.NUM18MATUM

480 493 688 580 ²Cumini
725 489 957 606 AEthiopici
995 490 1178 575 heminae
1282 509 1334 580 bt.
1365 486 1600 574 Cochleare
1629 491 1786 575 cumini
1815 487 1984 578 AEthr'o·

424 627 490 716 qt,
520 603 687 692 affunde
717 632 845 717 aquae
876 627 962 689 tres
999 607 1180 717 congios,
1218 604 1308 717 pici
1327 601 1434 688 bene
1453 603 1647 711 plenum,
1676 603 1719 685 in
1744 631 1874 717 aquae
1902 635 1982 694 un·

423 723 467 808 δι
488 726 532 807 in
553 721 634 802 olla
655 719 745 801 luto
777 717 908 826 probe
929 715 1090 816 clausa,
1129 715 1181 801 ad
1230 715 1370 800 decim
1388 715 1556 800 circiter
1575 712 1896 829 quadrantibus,
1928 719 1984 808 ad

425 837 592 920 tertiam
622 851 784 940 partem
818 831 1015 940 coquito,
1054 828 1182 940 idque
1232 832 1398 916 tertiam
1417 853 1579 942 partem
1596 831 1786 941 coquito.

423 951 466 1032 in
522 945 638 1030 omni
683 939 812 1028 febris
860 967 1012 1052 genere
1063 945 1183 1054 potui

424 1059 535 1146 dato.

480 1248 632 1334 l’arum
661 1245 755 1331 sane
775 1247 957 1346 'carmini,
988 1245 1183 1360 sraquam
1205 1243 1575 1358 adfusamspcttes,
1604 1245 1787 1364 ideoque
1804 1247 1908 1338 illud
1919 1251 1985 1340 so·

421 1362 507 1448 lum
532 1359 749 1446 intendere
770 1361 959 1458 videtur,
988 1383 1034 1444 ut
1055 1388 1130 1458 eo,
1170 1383 1366 1474 tanquam
1396 1381 1603 1454 arornnte,
1643 1391 1664 1446 a
1699 1391 1773 1446 uae
1802 1363 1986 1454 cruditas

424 1477 681 1583 corr·igatur·;
715 1471 904 1585 adeoque
925 1474 1074 1558 modus
1094 1473 1246 1570 solum,
1279 1499 1427 1586 aquam
1448 1476 1490 1555 in
1512 1469 1628 1558 febre
1649 1389 1885 1562 adhibendi.

479 1661 707 1749 ⁸Ptilanae
747 1663 946 1746 heminam
977 1659 1105 1747 affuso
1142 1691 1183 1744 a·
1291 1682 1342 1752 ιιι.
1382 1661 1669 1771 Quadrantem
1696 1665 1821 1774 pintae
1863 1665 1987 1776 ptil'a·

453 1805 529 1862 uae
557 1780 714 1890 carogio,
755 1777 931 1887 coquito
975 1775 1025 1857 ad
1063 1777 1185 1858 dimi·
1235 1799 1310 1860 nac
1342 1772 1621 1872 hordeaceae,
1653 1778 1693 1858 in
1723 1775 1881 1886 septem
1903 1783 1986 1864 eir·

421 1807 560 1986 llium,
579 1891 741 1983 colato,
777 1890 884 1997 apiis
904 1884 1083 1994 injec'lis,
1112 1885 1185 1972 l'ri-
1235 1891 1340 1969 citer
1362 1913 1491 1997 aquae
1512 1887 1658 1997 plutis,
1688 1887 1739 1972 ad
1768 1888 1986 1978 dimidiam

421 2003 566 2114 gidum
587 2003 706 2114 potui
734 1999 847 2084 dato.
1236 2003 1421 2112 coquite.

477 2191 646 2278 Hordei
677 2191 874 2304 ptisanam
904 2187 1014 2274 bunc
1047 2191 1087 2273 in
1120 2187 1293 2274 niodum
1316 2187 1624 2299 praeparabant.
1695 2187 1922 2278 Hordeum
1943 2195 1985 2278 in

420 2333 525 2416 aqua
549 2311 684 2415 primu
706 2301 991 2398 macerabant,
1021 2304 1154 2386 donec
1188 2328 1399 2410 turgeret.
1429 2303 1522 2385 dein
1556 2301 1627 2384 loli
1659 2304 1890 2410 exuaditum
1916 2309 1987 2392 lie·

420 2419 591 2513 cabant,
622 2443 707 2528 quo
730 2417 836 2500 tatto
857 2415 1131 2510 tundebatur,
1162 2415 1297 2498 donec
1318 2441 1439 2496 arena
1461 2417 1575 2499 oanni
1596 2415 1635 2496 d
1660 2418 1983 2524 paleolibcrare-

421 2548 514 2627 tur;
556 2527 729 2612 farinam
761 2530 801 2610 in
834 2554 938 2640 aqua
967 2527 1152 2626 cottam,
1193 2527 1234 2612 de
1265 2524 1348 2612 sole
1378 2527 1513 2611 rursus
1543 2525 1756 2630 licentum,
1796 2559 1840 2616 m
1869 2530 1984 2620 sutu-

421 2667 491 2726 τοι
520 2639 614 2726 usus
636 2637 901 2726 afferuabant.

473 2831 631 2916 “Uvae
669 2826 800 2942 pall'ae
838 2829 952 2915 albae
995 2833 1170 2916 exemtis
1278 2851 1330 2924 ut.
1360 2831 1477 2916 Urae
1525 2829 1656 2945 palliae
1704 2831 1818 2920 albae
1856 2836 1982 2948 paulo

418 2945 598 3028 vinaceis
619 2945 839 3040 heminam,
869 2945 1056 3028 ramicum
1072 2969 1173 3056 perr·
1221 2947 1312 3056 plus
1369 2945 1539 3031 dimidia
1596 2949 1742 3054 pinta,
1789 2949 1979 3034 radicum

421 3057 595 3160 tarbelli
634 3057 886 3165 manipulum
929 3063 1173 3153 contulum,
1224 3055 1489 3142 contusarum
1516 3059 1979 3172 perrrnplgrdlimanipu-

418 3165 550 3250 all'osrs
597 3193 726 3276 aquae
774 3167 945 3248 hanina
993 3171 1172 3277 uiginti,
1224 3171 1354 3266 lum..
1385 3173 1424 3253 d
1460 3169 1590 3254 ailulis
1621 3197 1750 3283 aquae
1781 3172 1996 3264 undecim.

417 3279 469 3364 ad
490 3279 678 3366 dimidiae·
699 3279 941 3393 decoquitu.
1221 3285 1368 3393 piratis,
1397 3281 1448 3365 ad
1471 3281 1657 3367 dimidias
1690 3287 1880 3394 coquito.

472 3487 489 3530 ι
513 3467 665 3554 Trium
687 3491 757 3554 aut
778 3489 957 3582 quatuor
989 3495 1168 3554 ovorum
1275 3493 1329 3566 ιιι.
1358 3473 1385 3555 ι.
1408 3469 1616 3584 eSeptem
1639 3498 1769 3582 aquae
1799 3475 1938 3584 plutis,

417 3581 624 3668 albumina
644 3613 772 3696 aquae
805 3585 939 3696 congio
965 3579 1140 3667 subatla.

471 3787 575 3878 Hoc
597 3789 732 3876 aluum
753 3791 964 3874 concitare
986 3787 1026 3872 de
1050 3790 1294 3904 refrigerare
1316 3791 1432 3878 dicit.

482 4013 500 4056 ²
532 3993 703 4082 Farinae
752 3991 900 4077 hordei
946 3993 1166 4080 chocrnrem
1274 4017 1327 4090 ut.
1358 3997 1499 4080 Pintae
1531 3991 1687 4078 farinae
1718 3989 1866 4080 hordei
1888 4012 1974 4088 tres

419 4107 656 4204 dimidiam,
696 4103 841 4190 adfuso
871 4131 1000 4219 aquae
1033 4115 1168 4222 congio
1220 4129 1406 4222 rqarartas,
1436 4107 1879 4219 Aonrurbipugillum,
1899 4109 1974 4198 ad·

418 4225 459 4312 &
485 4219 636 4331 injeilo
664 4217 853 4304 adiantbi
883 4219 1054 4331 pugillo.
1220 4225 1315 4310 tutis
1337 4249 1465 4338 aquae
1486 4223 1791 4334 lepternpimrs,

475 4417 641 4530 ²Pulpa
670 4421 903 4506 cucumeris
924 4425 1073 4508 maturi
1094 4423 1248 4535 rejeilo
1278 4431 1460 4526 cortice,
1492 4455 1531 4512 m
1553 4457 1681 4544 aqua,
1712 4455 1795 4520 tarn
1815 4429 1869 4520 ad
1888 4433 1980 4522 urii

418 4553 515 4628 nam
536 4535 810 4638 movendam,
831 4559 958 4650 quam
977 4533 1083 4628 litim
1102 4537 1328 4632 sedandam
1352 4542 1685 4639 commendatur.

1830 4679 1849 4724 ⁸
1867 4661 1978 4777 Apir'
