4140 5646
477 235 992 332 mensunusum
1020 236 1113 327 nu
1140 235 1577 328 rossanum..
1739 276 1817 360 „9

247 458 350 545 dum
370 452 680 543 immolatarum
699 450 875 569 pellibus
895 446 1048 542 saiiurn
1069 448 1187 545 fuisse
1207 450 1379 543 constat.
1438 450 1480 542 V
1484 480 1602 543 crum
1614 476 1728 545 totus
1749 455 1817 546 hic

245 572 383 657 cultus
403 572 538 657 multo
558 573 693 657 minus
714 567 861 654 nostris
887 567 1102 656 fimbriatis
1132 571 1249 683 pileis
1278 571 1569 685 capillitiisque
1598 572 1820 658 consume·

244 676 328 769 bat.
388 678 546 794 Petaso
567 686 611 769 in
630 685 781 769 itinere
811 682 1059 780 utebantur,
1099 681 1196 795 pilei
1214 681 1396 794 speciem
1425 685 1659 787 referente,
1688 712 1818 799 quem

244 796 297 883 ab
318 816 417 882 utto
452 824 505 882 ue
524 799 656 883 latere
676 796 830 882 alatum
850 794 971 884 fuisse
993 798 1206 891 Mercurii
1233 795 1388 884 statuae
1417 798 1651 885 oflendunt.
1718 797 1818 884 Tali

244 825 536 999 Alexandrum
565 936 764 1021 magnum
793 909 936 1009 usum,
975 908 1220 995 Athenaeus
1246 911 1472 997 memoriae
1499 912 1701 1024 prodidit.

301 1019 560 1109 Muliebrem
580 1024 742 1109 cultum
770 1022 887 1139 quod
916 1026 1088 1120 attinet,
1127 1027 1483 1134 comparationem
1519 1025 1657 1112 cultus
1693 1022 1816 1112 ferni·

245 1161 325 1225 nae
345 1135 552 1222 Romanae
573 1136 831 1252 &Anglirae
851 1135 963 1222 hunc
983 1139 1027 1222 in
1046 1135 1223 1221 modum
1242 1137 1396 1222 institui
1415 1134 1528 1249 polle
1547 1138 1814 1224 crediderim.

245 1246 438 1337 Vestiarii
458 1249 672 1335 muliebris
692 1272 933 1363 apparatum
952 1252 997 1335 in
1018 1250 1182 1363 Epidic.
1203 1251 1301 1334 Ali.
1323 1282 1362 1333 2.
1384 1251 1574 1335 Plautus
1594 1251 1730 1341 facete
1740 1280 1814 1338 ex-

243 1362 391 1459 cussit,
421 1364 494 1477 qui
523 1383 662 1449 tamen
690 1364 809 1449 locus
837 1365 914 1449 alia
933 1362 1074 1473 lingua
1095 1361 1306 1448 transferri
1325 1364 1495 1476 nequit;
1528 1392 1674 1451 verum
1694 1366 1814 1451 femi-

244 1501 323 1563 nae
343 1478 533 1561 Gallicae
562 1497 633 1564 aut
653 1478 856 1591 Anglieae
874 1476 1176 1589 impedimenta
1204 1476 1330 1586 longe
1360 1478 1477 1589 plura
1504 1475 1609 1563 sunt.
1666 1480 1816 1565 Roma-

244 1618 323 1673 uae
351 1591 546 1676 mulieres
556 1644 569 1687 ,
609 1617 743 1705 aeque
773 1615 822 1674 ac
871 1590 1079 1690 Graecae,
1117 1609 1212 1705 toga
1250 1590 1396 1688 initio,
1425 1588 1523 1674 dein
1551 1592 1693 1674 tunica
1720 1592 1814 1678 usae

245 1702 361 1801 funt,
399 1729 501 1815 quas
529 1703 665 1788 laneas
705 1703 856 1811 vulgo,
898 1703 941 1787 da
971 1703 1078 1787 adeo
1109 1722 1255 1787 tenues
1285 1700 1434 1787 aestate
1472 1699 1728 1803 habuerunt,
1766 1725 1818 1790 ut

243 1840 426 1927 corpora
445 1810 660 1926 pelluxisse
680 1813 894 1900 Lucianus
920 1814 1140 1926 scripserit.
1197 1812 1263 1900 Eo
1292 1842 1420 1926 opere
1449 1814 1501 1901 ad
1520 1843 1612 1902 eam
1638 1818 1815 1926 gloriam

244 1924 472 2013 Tarentum
520 1931 706 2027 ervenit,
736 1954 862 2043 quam
882 1925 945 2013 his
966 1924 1224 2037 temporibus
1244 1927 1364 2013 simili
1383 1927 1817 2017 fereartilicionostra

242 1954 527 2148 Narwicenfu
545 2043 693 2127 civitas
713 2040 830 2127 nasia
849 2038 918 2125 est.
1005 2037 1277 2126 Extrinsecus
1298 2043 1424 2154 palla
1464 2042 1714 2153 tegebantur
1734 2045 1817 2132 five

242 2144 441 2251 amicula,
468 2154 539 2239 scu
570 2154 600 2240 fi
628 2156 758 2241 mavis
791 2158 911 2349 ζαμία
941 2150 1064 2261 (haec
1094 2156 1209 2239 enim
1226 2156 1337 2238 inter
1358 2153 1400 2240 se
1431 2156 1712 2259 conveniunt)
1742 2182 1816 2241 eo-

244 2292 329 2381 que
349 2267 465 2354 velut
486 2266 582 2352 velo
601 2288 727 2380 caput
747 2266 793 2352 su
823 2266 922 2351 inde
944 2263 1228 2351 obnubebant.
1288 2266 1465 2351 Cracata
1495 2264 1629 2352 forsan
1660 2269 1704 2352 &
1732 2267 1817 2380 ipsa

243 2381 431 2467 exterior
452 2379 596 2477 vestis,
618 2409 641 2466 a
661 2407 819 2466 croceo
830 2380 976 2467 colore
987 2406 1144 2465 nomen
1153 2377 1299 2464 sortita
1311 2377 1381 2463 esi.
1413 2380 1819 2469 Perrulaeanteade·

242 2490 429 2605 scriptae
440 2491 533 2579 usus
564 2495 663 2580 viris
684 2492 727 2599 &.
746 2492 914 2581 seminis
933 2492 1168 2606 promiscue
1187 2493 1345 2606 patuit,
1374 2518 1468 2580 eam
1487 2491 1549 2577 his
1572 2495 1819 2581 Alexander

242 2604 449 2706 Seuerus,
479 2605 642 2693 nonnisi
660 2634 781 2708 rure,
810 2607 990 2705 ademit,
1019 2606 1156 2693 forsan
1177 2604 1646 2721 quoniamclandestinis
1664 2609 1818 2694 amori·

224 2715 318 2801 bus
339 2722 514 2804 nimium
533 2717 713 2807 favebat.
770 2718 819 2805 In
839 2719 1032 2804 omnibus
1051 2719 1170 2805 ditiis
1191 2721 1397 2818 articulis,
1427 2720 1456 2805 st
1480 2719 1653 2807 vestium
1673 2716 1816 2802 multi-

241 2828 458 2929 tudinem,
486 2832 683 2917 materiae
711 2830 1015 2943 pretiositatem
1040 2830 1083 2916 δι
1115 2849 1358 2916 ornamenta
1372 2831 1622 2943 speliemus,
1652 2827 1815 2916 nostrae

239 2941 442 3030 mulieres
461 2943 674 3027 Romanas
690 2944 853 3028 luxuria
872 2944 1059 3028 vincunt.
1138 2944 1217 3027 'An
1246 2942 1402 3028 nostras
1431 2945 1576 3055 capitis
1595 2941 1815 3056 splendido

241 3074 395 3140 ornatu
413 3057 622 3141 Romanae
642 3056 835 3141 mulieres
854 3053 1139 3168 assequantur,
1169 3052 1342 3154 dubito,
1372 3057 1561 3171 quamvis
1580 3053 1667 3165 ejus
1686 3080 1816 3166 gene·

242 3195 287 3253 ra
307 3168 466 3254 infinita
479 3189 645 3273 veteres
666 3167 819 3255 statuae
841 3164 1084 3254 &Hermae
1104 3166 1337 3255 ostendant.
1406 3168 1639 3281 Faustinam
1660 3172 1815 3281 triplici

244 3301 315 3365 aut
335 3283 597 3398 quadruplici
616 3282 763 3396 capitis
781 3302 933 3369 ornatu
952 3280 1181 3395 expressam
1199 3285 1243 3366 in
1272 3285 1453 3366 nummis
1473 3282 1688 3381 videmus,
1717 3309 1812 3368 eum

243 3393 358 3478 enim
376 3419 509 3507 aeque
528 3395 678 3484 leviter
697 3393 914 3481 mutabant
933 3422 981 3480 ac
1001 3422 1092 3479 nos.
1111 3392 1283 3508 Capillis
1303 3421 1475 3511 quoque
1495 3389 1811 3480 adscititiisusae

243 3502 362 3606 sunt,
422 3506 514 3593 uale
533 3505 636 3592 illud
656 3507 833 3592 Horatii
851 3507 1118 3593 caliendrum.

299 3534 490 3719 Fibdias,
519 3647 698 3736 quarum
717 3647 871 3732 genera
890 3618 980 3707 sere
991 3622 1209 3709 innumera
1228 3618 1403 3719 restant,
1432 3648 1487 3707 ex
1506 3617 1646 3735 aliquo
1666 3620 1813 3705 metal-

243 3732 309 3833 lo,
349 3761 452 3819 auro
481 3762 521 3819 v.
541 3760 581 3844 g.
602 3733 739 3837 cusas,
771 3736 939 3847 (quales
960 3734 1159 3820 militibus
1179 3737 1455 3820 Aurelianum
1474 3729 1814 3834 concessisseVo·

236 3851 378 3958 piscus
397 3844 507 3932 testis
528 3845 605 3951 est)
626 3869 775 3963 utpote
796 3846 1020 3959 longissimi
1051 3848 1167 3946 usus,
1196 3851 1332 3935 minus
1363 3845 1623 3933 consumsisse
1651 3843 1812 3931 necesse

245 3955 325 4093 est,
363 3985 490 4074 quam
519 3959 700 4049 nodulos
727 3959 890 4050 nostros
919 3982 1045 4077 atque
1075 3960 1320 4064 lemniscos,
1350 3961 1515 4072 singulis
1545 3958 1721 4046 vestibus
1742 3982 1814 4042 va-

242 4094 381 4159 natos.

297 4184 424 4274 Haec
447 4187 498 4275 de
509 4188 626 4276 cultu
645 4190 829 4301 vulgari,
859 4186 1117 4302 vestiumque
1128 4189 1301 4273 materia
1321 4186 1538 4271 communi
1557 4182 1699 4272 dicere
1710 4210 1813 4273 con·

244 4298 466 4387 stitueram.
496 4303 628 4417 Quod
639 4302 692 4388 ad
703 4304 907 4411 Byffluam
927 4302 1081 4417 Vestem
1100 4303 1273 4400 attinet,
1302 4328 1384 4428 qua
1403 4299 1628 4384 nonnullae
1657 4319 1815 4386 matro-

246 4414 512 4507 naeindutae
531 4414 650 4502 fuisse
671 4416 971 4528 perhibentur,
1003 4436 1088 4502 tarn
1107 4421 1355 4530 portentoso
1376 4414 1513 4526 pretio
1525 4408 1674 4501 stetisse
1685 4439 1814 4525 opor·

249 4541 411 4623 tet,ut‚
429 4556 529 4621 curn
537 4530 606 4619 illa
617 4528 778 4618 nostrae
798 4526 1110 4647 pretiofislimae
1124 4527 1331 4729 stragulae
1350 4527 1812 4659 nullarationecompa3

1731 4658 1813 4721 ran
