4140 5646
245 338 305 439 70'
460 313 786 410 roenna
818 314 1056 433 norro.
1085 310 1586 410 nomannorum

247 562 331 628 teon
352 541 438 625 erit
469 536 664 653 quamdiu
685 535 728 624 δέ
741 535 816 645 sol
828 593 840 633 ,
871 533 1099 616 interlunio
1120 531 1162 620 m
1177 533 1318 643 prima
1337 549 1426 617 tota
1448 532 1537 633 die,
1559 535 1824 642 secundaba-

240 683 321 743 .rae
345 654 478 738 nollit
497 651 620 736 unius
638 649 841 732 dextante
861 646 1024 729 Sicilico
1037 678 1052 726 .·
1082 674 1130 727 ac
1150 644 1294 729 deinde
1313 650 1448 729 tertio
1469 675 1598 761 usque
1618 649 1677 735 ad
1702 656 1824 766 quin.

249 789 336 855 tam
356 768 570 863 decimam,
599 761 893 872 multiplicatis
912 758 1105 842 horarum
1124 761 1266 843 iisdem
1270 761 1532 870 portionibus
1543 794 1557 843 .·
1587 765 1745 876 quintal
1755 771 1825 852 de-

240 882 362 970 cima*
382 901 472 964 tota
492 883 625 989 supra
652 894 800 958 terras
827 877 946 957 noiiu
975 874 1093 969 erit,
1122 873 1337 986 cademque
1359 874 1442 983 fich
1470 876 1582 958 ernis
1609 895 1702 961 tota
1728 881 1822 979 dica

250 997 545 1102 decimosexto
572 987 631 1072 al
683 990 813 1071 rimae
841 989 963 1071 horae
993 988 1215 1069 noiiurnac
1236 990 1476 1097 sextantem
1507 988 1721 1077 Sicilianm
1741 994 1824 1104 sul

244 1128 373 1194 »terra
401 1110 513 1220 agit,
541 1101 633 1215 ejus
661 1130 801 1214 cmquc
820 1102 1036 1215 portiones
1053 1099 1248 1184 horarum
1258 1123 1342 1215 per
1351 1100 1535 1216 fingulos
1564 1105 1654 1189 lies
1669 1107 1824 1219 adjicit

247 1220 453 1334 usquead
477 1216 774 1314 interlunium,
803 1214 846 1304 ὅ
868 1232 1066 1329 quantum
1074 1218 1232 1330 primis
1246 1216 1443 1327 partibus
1463 1219 1598 1301 uoltis
1623 1219 1824 1307 detraxe·

243 1338 315 1429 nit
335 1333 445 1448 quod
452 1332 533 1443 sub
546 1330 690 1415 terris
707 1346 807 1444 agot
819 1388 831 1429 ,
843 1328 1084 1414 tantundem
1104 1330 1326 1439 novrffima‘t
1345 1358 1399 1415 eor
1418 1328 1486 1413 dic
1502 1331 1678 1444 adjiciet
1691 1340 1823 1450 supro·

244 1467 425 1536 terram.

307 1559 447 1647 Facile
477 1556 588 1643 hunc
601 1556 750 1653 ‘locum
769 1556 999 1669 intelliget,
1028 1560 1102 1672 qui
1121 1556 1386 1655 meminerit,
1409 1557 1653 1643 dextantem
1673 1562 1822 1668 horae,

242 1679 394 1763 arnelas
424 1672 583 1772 denae,
610 1671 680 1756 seu
700 1683 827 1756 norae
848 1680 866 1771 l
884 1690 1043 1782 partes,
1075 1670 1308 1769 Sicilianm,
1337 1672 1485 1756 unciae
1521 1673 1827 1788 quadrantem,

251 1786 335 1874 five
356 1786 484 1871 horae
502 1807 665 1896 partem
682 1787 785 1892 48ωῃ
807 1784 1047 1895 defignare,
1076 1805 1123 1871 ut
1144 1784 1302 1869 summa
1322 1784 1597 1983 ‹iuadraginta
1618 1813 1701 1875 una
1715 1817 1824 1904 qua-

243 1894 490 2009 ‹lra‘gesrmis
510 1895 866 2009 odavispartibus
885 1898 1075 2010 prodeat.
1134 1895 1310 1985 Horum
1353 1925 1531 1988 ocorum
1557 1899 1720 1992 sensum
1748 1930 1824 1995 ex·

244 2010 400 2110 tribui,
430 2012 723 2124 Aslrooomiam
753 2009 909 2096 millam
938 2012 1060 2097 facio.

305 2127 436 2214 Diem
457 2127 632 2211 Romani
649 2124 880 2210 naturalem
900 2127 958 2210 ita
978 2123 1237 2210 dividebant.

303 2238 407 2326 Pars
426 2240 558 2350 prima
581 2237 810 2325 vocabatur
828 2240 984 2323 mediae
1012 2242 1146 2325 nattis
1165 2231 1393 2325 inclinatio.

307 2350 524 2449 Secunda,
546 2353 817 2466 gallicinium.

306 2462 482 2563 Tertia,
508 2466 792 2564 conticinium,
821 2464 938 2576 gallis
952 2491 1109 2554 canere
1137 2464 1432 2557 definentibm

307 2578 494 2688 Quarta,
524 2579 760 2664 diluculum.

299 2690 492 2802 Quinta,
521 2721 650 2777 mane.

305 2803 455 2905 Sexta,
484 2807 593 2891 inter
613 2805 790 2893 mane&
810 2807 1031 2894 meridiem
1044 2810 1160 2896 'inter
1191 2807 1293 2897 osrta
1314 2826 1417 2894 erat.

307 2917 524 3030 Septima,
571 2938 730 3033 tempus
756 2923 994 3021 occiduum,
1034 2838 1208 3011 subinde
1240 2929 1439 3034 supremo
1463 2922 1698 3038 tempestas.
1725 2922 1827 3020 solit

242 3032 399 3118 occasu
429 3029 663 3116 finiebatur.

304 3144 486 3244 Oilnva,
516 3149 712 3259 ricspcra,
740 3144 791 3232 ab
811 3147 1001 3263 Hesperu
1019 3150 1078 3237 ita
1099 3147 1207 3237 dista
1226 3149 1297 3237 est

305 3259 453 3359 Nona,
473 3262 723 3373 primafax.

302 3371 504 3470 Decima,
535 3377 736 3460 concubia.

303 3482 562 3683 Undecima,
591 3489 849 3602 intempesta,
878 3491 977 3606 quia
1004 3491 1239 3580 nonhabet
1269 3505 1436 3607 tempus
1465 3492 1668 3583 idoneum
1694 3490 1824 3585 rebus

243 3625 350 3708 agen
384 3629 429 3684 rs.

303 3713 483 3798 Nollem
501 3736 664 3801 veteres
690 3750 718 3825 4
746 3745 918 3832 quoque
947 3727 1155 3824 donante,
1184 3721 1255 3809 seu
1284 3727 1453 3838 vigiliis
1480 3722 1824 3837 componebant,

240 3851 424 3937 quarum
438 3830 486 3912 'in
509 3857 621 3917 novo
640 3828 832 3917 Foedere
852 3834 999 3920 crebra
1017 3837 1191 3921 mentio.
1248 3836 1432 3922 Romani
1451 3866 1520 3923 eas
1538 3836 1733 3923 incastris
1751 3867 1824 3920 ca·

234 3940 417 4048 strenses
445 3944 619 4054 vigilias
650 3943 880 4043 vocabant,
910 3974 1011 4061 quas
1032 3947 1088 4035 ob
1106 3949 1293 4041 noilium
1313 3954 1676 4066 inaequalitatem,
1701 3952 1824 4057 inaeq

238 4054 387 4161 quales
407 4084 581 4170 quoque
610 4055 728 4146 tuiss'e
746 4057 909 4148 necelle
935 4059 1009 4148 est.
