4140 5646
275 306 358 383 a4o
529 266 840 362 TABULAE
870 262 1108 379 ANTIQ.
1138 258 1641 355 NUMISMATUM

277 490 532 597 coegerunt,
557 504 603 570 ut
622 486 732 570 intra
751 484 949 569 Laciniae
970 498 990 557 ι’
1008 481 1348 593 promontorium
1367 480 1537 565 navium
1551 478 1716 563 suarum
1747 504 1845 569 eur·

276 599 368 685 sum
394 600 675 685 continerent.
759 600 869 685 Data
906 596 989 682 fide
1026 592 1157 680 fretus
1197 594 1412 682 Cornelius
1451 594 1684 692 Valerius,
1720 600 1845 685 matis

277 716 526 844 Dnrpnvir,
572 710 797 797 Tarentum
825 707 944 797 classe
973 707 1098 807 adiit,
1136 736 1263 821 quam
1288 708 1348 795 illi
1377 704 1601 794 interfedo
1630 705 1741 794 duce
1778 729 1846 799 to·

278 848 365 912 tam
392 827 678 938 diripuerunt,
706 824 845 939 sicque
872 850 985 909 arma
1013 817 1218 923 Romaud,
1247 822 1396 936 quibus
1425 818 1567 935 postea
1592 818 1773 921 subusti,
1800 824 1845 913 in

275 940 319 1027 se
337 959 651 1029 converterunt.
739 938 771 1023 S
798 940 935 1021 iactae
962 968 985 1021 a
1014 938 1211 1051 Pelasgis
1237 962 1367 1047 genus
1395 933 1627 1034 duxerant,
1655 950 1705 1021 ut
1723 958 1846 1027 antea

276 1052 481 1151 diximusa
510 1050 628 1137 sedes
646 1048 700 1135 ad
719 1078 746 1135 ο
780 1052 867 1135 ium
879 1051 995 1135 Padi
1011 1050 1256 1161 posuerant,
1284 1046 1402 1165 quod
1418 1048 1672 1161 Spineticum
1689 1052 1845 1141 exinde

276 1166 434 1254 ditium
464 1162 535 1250 est.
592 1164 725 1275 Igitur
744 1165 872 1248 trium
893 1190 1000 1277 quae
1020 1162 1192 1247 Italian
1212 1164 1370 1249 alluunt
1391 1164 1568 1249 marium
1595 1166 1844 1277 imperium,

275 1282 495 1392 infhrioris
520 1304 698 1391 nempe,
757 1276 843 1361 uod
873 1276 1093 1361 meridiem
1125 1276 1408 1362 &orientem
1436 1276 1680 1387 interjacet,
1708 1280 1844 1382 Ionii,

275 1392 394 1508 quod
422 1391 641 1479 meridiem
660 1304 836 1504 spedas,
866 1388 910 1475 dc
927 1389 1167 1487 Adriatici,
1195 1390 1312 1503 quod
1330 1392 1439 1476 inter
1457 1388 1843 1503 septentrionem&

275 1512 483 1595 orientem
512 1502 753 1613 interjacet,
782 1502 834 1587 ad
854 1522 938 1588 tres
948 1501 1068 1588 hasce
1079 1504 1180 1589 olim
1192 1523 1338 1613 gentes
1347 1501 1575 1615 spesiabat:
1607 1504 1844 1595 illiusnem-

274 1625 398 1736 peirn
428 1623 562 1707 crium
575 1617 627 1704 ad
637 1614 1091 1727 Tyrrhenios,·horum
1109 1616 1694 1732 adTarentinos&Spinetas.
1753 1622 1843 1735 Qui

276 1650 465 1849 oppodta
473 1735 638 1831 littora,
658 1730 876 1841 Illyridis,
895 1728 1094 1817 tenebant
1115 1730 1318 1831 Liburni,
1338 1729 1487 1817 summi
1495 1752 1645 1819 nautae
1654 1732 1844 1835 fuemnt,

274 1850 493 1935 maritimis
512 1846 740 1933 latrociniis¹
757 1842 913 1931 dediti:
944 1844 1162 1929 Adriatici
1190 1846 1312 1932 matis
1340 1845 1478 1958 plures
1497 1844 1644 1933 insulas
1661 1844 1723 1931 sui
1738 1848 1842 1959 iuris

273 1962 493 2063 fecerunt,
523 1959 828 2055 &liburnicas,
858 1956 1130 2044 asinariarum
1141 1984 1295 2069 genus,
1323 1960 1641 2071 excogitarunt,
1661 1986 1840 2075 quarum

271 2076 348 2163 sub
372 2073 546 2207 Augusto
574 2072 668 2159 usus
687 2068 909 2157 increbuit.
995 2069 1184 2183 Singulas
1226 2070 1298 2157 has
1337 2092 1483 2183 gentes
1521 2070 1842 2184 subjugaverant

273 2191 474 2289 Romana,
503 2206 781 2275 mercaturam
810 2206 950 2271 tamen
979 2188 1280 2299 praeterierant
1300 2184 1422 2287 sere,
1450 2186 1551 2273 licet
1570 2212 1722 2273 eorum
1741 2216 1841 2302 pop·

238 2337 241 2344 ·
273 2324 340 2393 tus
359 2306 402 2389 in
422 2294 635 2416 potestate
655 2297 871 2386 haberent.
930 2300 1137 2387 Varronis
1157 2300 1211 2385 de
1230 2300 1496 2411 navigatione
1515 2297 1634 2399 libri,
1663 2304 1841 2417 quiplu·

272 2420 423 2505 rimam
443 2418 593 2529 procul
612 2413 743 2500 dubio
764 2416 804 2500 ei
823 2410 1059 2522 tradationi
1089 2417 1227 2501 lucem
1257 2410 1543 2515 effunderent,
1572 2414 1839 2505 interierunt.

271 2526 504 2615 Enimvero
516 2541 793 2617 mercaturam
805 2530 1001 2628 Romani,
1020 2530 1192 2641 ingenio
1210 2530 1311 2615 licet
1321 2556 1467 2642 parum
1477 2529 1764 2639 negotiatorio
1776 2530 1839 2618 es-

270 2642 385 2743 sent,
414 2669 506 2731 non·
519 2646 684 2759 penitus
704 2664 844 2730 tamen
863 2641 1112 2755 abjecerant.
1169 2644 1391 2755 Prneftlii
1408 2668 1750 2731 annanacmunus
1768 2672 1840 2733 an-

271 2756 545 2874 tiquiffimum
576 2758 658 2857 est,
697 2759 847 2873 quibus
870 2758 920 2845 id
949 2760 1111 2871 negotii
1139 2756 1338 2858 dabatur,
1376 2779 1424 2847 ut
1451 2756 1713 2845 frumentum
1743 2760 1838 2847 urbi

269 2870 541 2983 expedirent:
570 2874 615 2959 id
642 2873 766 2959 initio
795 2902 849 2959 ex
877 2872 1027 2959 Sicilia
1054 2880 1097 2957 ὅτ
1126 2872 1346 2971 Sardinia,
1377 2872 1421 2957 dc
1449 2870 1588 2985 postea
1607 2898 1664 2963 ex
1681 2864 1839 2985 Africa

267 2970 553 3084 advehebantt
583 3014 639 3073 ex
656 2982 847 3103 AEgypta
862 2986 937 3073 sub
956 2988 1099 3102 primis
1109 2984 1374 3086 Caesaribus,
1390 3012 1458 3075 ex
1476 2984 1720 3097 Maffiiia&
1732 2989 1837 3087 Gal,-

269 3100 346 3183 iiis
364 3098 529 3185 labente
558 3101 750 3213 imperio.
779 3134 784 3171 =
808 3104 863 3187 A.
883 3100 938 3187 U.
959 3132 1056 3211 259.
1085 3121 1368 3188 mercatorum
1397 3100 1623 3222 collegium
1648 3098 1838 3190 institue·

265 3232 390 3313 runt,
421 3212 537 3327 quod
559 3216 838 3313 aMc'rcuric,
865 3236 1128 3309 mercaturae
1138 3214 1244 3314 deo,
1275 3216 1599 3304 Mercurialium
1609 3214 1839 3316 dbterunta

195 3377 202 3388 ·
265 3324 321 3411 de
343 3324 459 3435 cujus
480 3350 619 3413 tamen
637 3330 805 3439 collegii
823 3330 867 3414 in
886 3328 1081 3439 augendo
1102 3332 1362 3415 commercio
1392 3333 1552 3441 magnis
1580 3328 1835 3443 profedibus

119 3488 128 3507 ·
264 3438 368 3525 nihil
397 3442 586 3553 legimur.
674 3444 825 3557 Neque
856 3441 1110 3529 Corinthi&
1141 3443 1413 3643 θανιύιὲζὶκὶε
1440 3444 1616 3529 excidiis
1652 3444 1835 3531 Italicae
1871 3529 1874 3537 .

262 3576 522 3641 mercaturae
539 3576 702 3643 tantum
720 3554 911 3654 accessit,
940 3577 1143 3671 quantum
1153 3556 1278 3642 debui
1314 3557 1525 3645 evidetur.
1583 3556 1752 3657 lisvero
1771 3562 1832 3645 ci·

264 3665 460 3753 vitatibus
482 3668 734 3770 instauratis,
753 3668 1835 3789 negotiat'oriaerei&maritimaediligentiusAugn-

251 3780 346 3893 stus
377 3780 589 3868 incubuit:
619 3786 728 3869 ultra
748 3781 1004 3869 'Cimbricum
1022 3784 1384 3895 promontorium,
1412 3782 1465 3869 ad
1492 3786 1670 3895 Africae
1688 3812 1834 3888 oram,

262 3892 710 4007 AEquataremversus,
739 3920 926 3982 necnon
948 3894 1001 3983 ad
1009 3897 1208 4012 paludem
1227 3896 1357 4011 usque
1378 3900 1603 3997 Maeotim,
1632 3898 1677 3985 dt
1697 3898 1833 3990 finum

258 4008 511 4109 Arabicum,
539 4009 613 4097 seu
641 4036 754 4096 mare
774 4010 988 4111 Rubrum,
1030 4006 1169 4097 classes
1197 4011 1395 4099 maximas
1415 4009 1535 4097 misrt.
1619 4012 1835 4123 Africana

259 4132 513 4209 commercia
523 4122 679 4209 Uticae
697 4122 971 4235 agitabantur.
1011 4122 1718 4239 Romanuscommerciisstuduille,
1739 4128 1832 4242 plu·

258 4236 786 4355 rimaeDigclsarumleges
797 4237 1085 4327 testificantur:
1117 4266 1224 4354 quae
1235 4235 1287 4323 ad
1306 4236 1522 4351 privilegia
1539 4236 1749 4353 spedant,
1767 4242 1832 4329 uti

1686 4378 1831 4445 exem·

294 4496 317 4563 p
337 4480 461 4547 Lutum
473 4476 501 4541 (t
515 4476 615 4542 tuear
625 4482 834 4559 promontoriis
849 4482 922 4547 linus
939 4482 1096 4545 Tarentinus
1108 4480 1201 4565 (Galsa
1215 4478 1244 4543 di
1258 4480 1386 4563 durana)
1400 4483 1609 4551 includebant.
1694 4560 1699 4568 ¹
1819 4458 1829 4467 .
