4140 5646
475 134 1001 343 ,nunsunnnunt
1037 166 1132 302 nn
1167 213 1589 311 nonnnnum.
1769 250 1833 341 791.

412 427 539 517 Haec
568 427 768 517 mensuris
797 428 1108 537 ponderibusve
1128 432 1324 548 Anglicis
1351 436 1409 520 ita
1429 433 1651 548 exprimes,

382 655 521 732 itPeckus
534 653 638 715 Tritici
782 653 997 728 unciasTsoij:
1132 659 1234 719 Libras
1376 661 1498 721 Unciar·

435 763 636 847 Gallicus·
784 762 966 866 2·18,517
1123 766 1171 849 18
1374 798 1426 866 22,
1464 790 1473 808 ·

432 875 593 960 Sardus
788 906 974 986 223,979,
1123 879 1171 962 18
1431 930 1438 941 ·

422 987 743 1076 Alexandrinus
780 996 960 1095 227,621
1125 992 1184 1076 18,

423 1099 623 1207 Boeotius
783 1133 966 1214 229‚442
1122 1133 1181 1213 19.

421 1213 659 1325 Africanus
779 1247 805 1298 2
811 1224 961 1323 37,637
1118 1246 1173 1324 19,

300 1437 468 1524 Peckus
494 1434 599 1527 'vero
627 1438 757 1524 tritici
781 1436 971 1552 Anglici,
1001 1437 1140 1548 Jonne
1170 1438 1316 1522 Mooro
1337 1439 1382 1520 in
1404 1433 1578 1525 Tabulis
1598 1439 1676 1527 hac
1697 1441 1753 1527 d'e‘
1770 1461 1820 1527 re

243 1550 401 1653 editiS,
416 1552 560 1637 uncias
582 1554 789 1659 204,884‚,
817 1551 890 1637 seu
916 1582 963 1657 17
985 1550 1084 1635 Lib.
1146 1582 1164 1633 1
1197 1549 1306 1636 Unc.
1328 1551 1500 1662 pendet.

299 1665 413 1753 Inter
445 1664 653 1778 descripta
684 1666 814 1750 tritici
836 1691 1035 1773 generaa
1062 1663 1265 1749 levilltmo
1295 1664 1481 1750 nostrum
1507 1688 1625 1778 parte
1655 1669 1818 1781 ponde·

241 1782 300 1865 ris
321 1782 389 1866 18a
411 1780 607 1865 vincitur.
665 1776 747 1863 Per
767 1775 972 1862 Triticum
994 1778 1200 1862 Gallicum
1220 1776 1264 1862 id
1282 1780 1573 1865 intellexerant
1593 1840 1614 1880 ,.
1637 1782 1752 1895 quod
1773 1785 1817 1867 in

244 1894 414 1981 Galliae
434 1889 777 2001 meridionalibus
800 1893 883 1975 ori's
901 1891 1082 1991 crescit,
1105 1890 1247 2006 quod,
1275 1912 1323 1977 ut
1343 1894 1518 2005 opinor,
1547 1895 1724 1979 eandem
1752 1924 1828 1980 ra·-

242 2008 404 2091 tionem
425 2005 657 2091 hodiedum
675 2004 839 2095 servare
860 2002 1249 2116 deprehenderetur
1272 2041 1283 2102 ;
1316 2031 1423 2118 quae
1444 2026 1582 2092 tamen
1602 2011 1742 2093 omnia
1761 2009 1828 2093 de*

241 2120 371 2204 medio
399 2119 586 2235 quodam
625 2117 815 2231 pondere
844 2118 1024 2227 intelligi
1054 2117 1214 2219 velim,
1254 2122 1366 2204 varie
1406 2121 1521 2204 enim
1548 2122 1669 2206 variis
1699 2124 1829 2206 annis.

239 2258 371 2346 grana
389 2233 601 2345 pendent..

300 2343 418 2432 Huic
441 2348 584 2431 Plinii
604 2345 824 2431 tentamini
843 2341 1225 2445 di'cendoinhaesr,
1279 2351 1336 2432 uo
1347 2342 1633 2443 ostenderem,
1654 2346 1707 2431 de
1719 2349 1830 2431 Mo·-

242 2457 309 2543 dio
329 2459 508 2544 Romano
526 2458 621 2544 satis
641 2456 924 2572 certam-polle
945 2460 1154 2545 rationem
1174 2373 1373 2557 subiici,
1392 2456 1815 2546 licetfluxa‘nonnul-

241 2571 291 2657 lis
320 2571 607 2684 magnitudine
637 2571 841 2659 videatur.
909 2568 1118 2658 Trimodia
1151 2571 1195 2657 δι
1225 2571 1527 2658 Decemmodia,
1545 2571 1639 2658 vala
1667 2571 1832 2662 rustica.

242 2680 386 2783 fuere,
415 2705 463 2770 ut
484 2705 655 2796 apparet
674 2712 727 2769 ex
749 2688 902 2773 Colum.
923 2686 994 2769 lib.
1020 2718 1084 2769 12.
1104 2707 1191 2800 cap.
1224 2688 1287 2770 18.
1319 2670 1365 2769 &⁶
1387 2713 1424 2787 5.

300 2797 405 2879 Cato
424 2795 602 2881 familiae
622 2794 1831 2909 cibariaitadistribuit.Familioecibarimquiopusfheieut·

230 2932 318 3025 per
328 2908 504 3017 hyemem
514 2912 656 2998 tritici
663 2913 1062 3024 modiosquaternos,
1062 2909 1342 3025 peraestatem
1353 2929 1577 3023 quaternos
1577 2913 1817 3019 stmieril·

239 3024 341 3121 lico,
361 3022 532 3107 villicae
541 3081 555 3120 ,
557 3022 789 3220 fistulae,
809 3023 1163 3136 opilioni,modios
1180 3039 1342 3105 ternos:
1356 3020 1617 3134 'Compeditis
1634 3044 1713 3139 per
1723 3025 1826 3133 hye-

239 3163 341 3220 mem
342 3138 472 3250 panis
471 3155 555 3249 pon
584 3130 907 3251 oquuterriazubi
916 3137 1081 3219 vineam
1080 3134 1229 3246 fodere
1237 3136 1585 3249 coeperintfflanis
1584 3138 1719 3250 pondo
1729 3143 1831 3254 qni·-

240 3253 437 3365 nmusque
446 3249 543 3334 adeo
555 3248 649 3334 dum
649 3247 763 3358 ficus
773 3254 846 3355 effe
857 3249 1296 3362 caeperunueindead
1292 3255 1814 3362 panesquaternosredito.

294 3359 400 3449 Hoc
422 3384 602 3477 quatuor
623 3364 692 3448 vel
750 3365 908 3477 uinque
936 3360 1188 3449 Modiorum
1229 3363 1358 3447 tritici
1398 3359 1667 3459 demensum,
1697 3363 1813 3475 quod

240 3472 366 3589 poulo
388 3478 480 3590 plus
503 3502 629 3590 quam
650 3392 835 3564 totiiem
859 3475 1024 3561 Peckos
1052 3475 1152 3560 facit
1173 3536 1186 3573 ,
1215 3477 1258 3558 in
1288 3472 1472 3557 mensem
1502 3471 1645 3556 datum
1676 3480 1813 3585 putari

240 3587 369 3677 debet
383 3627 407 3686 ς.
428 3588 624 3676 discimus
645 3592 756 3675 enim
777 3618 832 3676 ex
850 3594 1022 3677 ‘Donato
1043 3591 1085 3674 in
1098 3588 1387 3671 Phormionem
1407 3583 1723 3686 Terentianum,
1738 3617 1814 3676 cu.

237 3698 366 3813 jusvis
395 3702 504 3789 servi
535 3701 790 3789 menstruum
810 3700 1053 3789 demensum
1073 3721 1255 3815 quatuor
1274 3696 1392 3785 fuille
1413 3698 1649 3783 Modiorum
1672 3735 1684 3796 ;
1715 3698 1831 3789 hinc·

241 3816 375 3903 otiam·
388 3816 631 3904 demensum
651 3844 808 3903 nomen
829 3819 978 3917 traxit,
1009 3815 1076 3900 vel
1094 3845 1118 3899 a
1140 3817 1272 3924 meuse
1302 3814 1369 3897 vel
1389 3840 1412 3895 a
1432 3812 1704 3911 demoliendo,
1725 3842 1832 3926 quo·

239 3927 466 4018 Terentius
484 3932 642 4028 utitur,
673 3958 804 4046 quum
826 3929 953 4028 dicit,
982 3930 1105 4049 Quod
1120 3931 1195 4013 ille
1216 3929 1411 4011 unciatim
1426 3928 1531 4009 viu.
1552 3924 1610 4009 de
1632 3924 1814 4040 demenso

239 4050 334 4149 fito,
355 4050 477 4155 sutum
498 4044 754 4155 defraudans
768 4046 957 4159 genium,
986 4041 1197 4157 comparfit
1216 4043 1377 4149 miser,
1392 4037 1441 4122 id
1465 4039 1557 4122 illa,
1574 4043 1829 4150 universum

240 4156 425 4272 abripiet
439 4195 465 4256 3,
481 4158 596 4243 haud
612 4159 843 4268 existimans
863 4174 1014 4271 quanto
1035 4157 1172 4240 labore
1184 4153 1245 4264 stt
1256 4173 1463 4266 parturn.
1514 4151 1664 4238 Nottri
1684 4158 1828 4242 etiann-

240 4293 452 4374 meretur,
482 4271 607 4386 quod·
630 4274 805 4373 villici,
843 4271 1070 4386 epistotae,
1099 4268 1142 4357 δι
1183 4269 1371 4384 opilionis
1413 4266 1548 4352 minus
1576 4263 1706 4353 fuerit
1739 4269 1813 4353 de-

1696 4405 1831 4465 men·-

228 4476 236 4497 1
277 4527 391 4607 l‘Vlde
405 4530 478 4590 Tab.
494 4543 521 4604 3.
541 4530 628 4590 Area.
650 4536 677 4596 8.
