4140 5646
311 304 828 401 mensunnntim
856 306 901 399 o
929 308 1347 409 Pontianum
1560 360 1642 438 ιι,

74 520 215 611 tiliam
234 518 279 607 δι
299 518 535 607 Sardiniam
545 518 804 631 subjugando
813 522 1070 633 protendere
1079 526 1337 615 conatisunt.
1397 532 1569 625 Siciliae
1576 570 1647 629 va-

76 640 186 723 riato
195 632 380 723 successu
389 632 546 723 bellum
557 634 760 735 intulere,
780 635 1654 747 &integritssubindeineaelaisesdiener·¹

73 752 185 837 citus
204 746 440 837 imilerunt.
496 746 789 861 Tyrannidem
806 746 920 835 suam
949 750 1142 861 Dionysti
1161 756 1321 865 magnis
1342 758 1384 845 dt
1406 762 1646 857 consiliis&

73 862 233 951 viribus
252 890 327 977 per
346 864 646 981 quinquaginta
665 888 819 961 annos,
848 862 1173 979 quingentarum
1201 870 1371 957 navium
1399 874 1544 977 claffo,
1572 906 1647 993 pe.

72 974 232 1065 ditibus
256 1006 420 1063 rooooo
437 972 712 1091 &equitibus
734 1004 870 1063 roooo
889 990 906 1033 ⁸
927 982 1051 1065 tutati
1079 976 1186 1065 sunt.
1270 980 1363 1067 lmo
1392 1012 1447 1071 ex
1465 1009 1555 1075 tota
1572 1020 1646 1079 eos

73 1090 207 1179 insula
235 1089 460 1203 Dionysias
485 1109 604 1205 pater
622 1088 847 1211 aiiquando
867 1087 1069 1199 ejecerat,
1098 1094 1173 1207 qui
1229 1096 1357 1181 rimus
1387 1096 1647 1219 Quinquie-

75 1202 200 1291 ineib
219 1204 490 1313 excogitavit.
593 1204 637 1288 ui
647 1200 739 1317 post
747 1200 966 1315 Dianystis
975 1204 1166 1315 regnavit
1212 1208 1402 1308 inoleta,
1432 1219 1644 1303 eosexin·

75 1314 581 1417 sularursusexturbavit‚
604 1318 690 1403 icet
699 1312 864 1403 claisem
874 1316 1151 1405 ducentarum
1168 1312 1660 1433 naviumlongarum,&¹

75 1432 363 1521 onerariarum
381 1428 515 1517 ferme
524 1428 588 1513 bis
598 1428 735 1531 mille,
762 1438 912 1518 contra
923 1453 1022 1515 eum
1031 1426 1262 1519 armaiient.
1292 1432 1334 1521 C
1392 1436 1483 1523 idae
1495 1436 1646 1527 huic&

76 1542 317 1633 ambitioiae
328 1546 468 1653 genti,
497 1568 605 1657 quae
623 1540 857 1655 Syraciisss‚
883 1562 931 1629 ut
951 1542 1227 1659 Carthaginis
1244 1572 1365 1635 aemu
1406 1576 1455 1649 e,
1482 1552 1646 1641 invide-

77 1660 173 1757 bat,
210 1658 273 1745 his
309 1652 547 1743 infelicibus
573 1655 871 1743 tentaminibus
899 1656 1058 1743 animus
1095 1682 1182 1743 non
1211 1658 1394 1747 excidit:
1433 1660 1643 1775 pristinam

75 1774 242 1887 semper
260 1768 529 1859 consiliorum
557 1770 766 1856 rationem
785 1766 1025 1881 persecuta,
1050 1766 1434 1861 formidolofiorem
1462 1776 1649 1887 postmo-

76 1886 182 1975 dum
200 1886 245 1971 in
264 1882 495 1999 Agathocle
513 1878 674 1969 hostem
699 1882 884 1984 invenit,
911 1886 987 1999 qui
1011 1880 1115 1970 oiim
1143 1884 1343 1997 piraticae
1371 1886 1563 1991 deditus,
1592 1892 1647 1979 ad
1708 1974 1711 1979 .

74 2000 172 2089 suae
199 2000 359 2127 patriae
386 1992 651 2109 tyrannidem
674 1994 716 2081 ie
746 1992 880 2109 ipsum
912 2018 1179 2107 provexerat.
1266 2000 1430 2085 Poenos
1450 2028 1475 2085 e
1496 2004 1647 2091 Sicilia

75 2141 165 2202 non
184 2112 309 2225 ejecit
327 2112 484 2211 solum,
513 2106 585 2193 sed
603 2106 731 2221 ipsam
750 2136 900 2195 eorum
918 2110 962 2194 in
982 2110 1138 2219 Africa
1154 2108 1305 2197 urbem
1322 2110 1539 2201 obsidione
1558 2119 1649 2203 cin-

76 2230 176 2327 xit*
195 2222 367 2339 ejusque
387 2224 510 2309 maris
529 2222 585 2307 im
630 2224 750 2307 'rium
769 2220 822 2307 ad
841 2238 858 2279 ⁶
880 2222 1041 2307 Siculos
1057 2224 1285 2315 revocavit.
1347 2220 1504 2313 Vetera
1514 2256 1648 2345 quum

75 2346 249 2438 mortno
269 2336 500 2453 Agathocle
515 2336 559 2419 in
612 2336 740 2419 icilos
753 2334 846 2449 juri
863 2356 1137 2435 renovarent,
1166 2332 1211 2419 hi
1230 2336 1361 2451 Epiri
1378 2364 1523 2449 regern
1533 2344 1650 2451 Pyr·

79 2454 200 2541 rhiini
218 2456 262 2539 in
282 2452 481 2537 auxilium
500 2464 783 2550 vocaverunt,
810 2452 884 2565 qui
902 2450 1082 2647 propriis
1099 2448 1272 2534 navibus
1300 2474 1399 2535 cum
1426 2450 1650 2649 Sgraciistr·
1741 2500 1748 2513 ·
1871 2454 1877 2464 '

75 2568 220 2672 narina
248 2562 370 2651 claffe
397 2560 652 2671 comendis,
688 2562 780 2673 plus
813 2590 939 2673 quarn
998 2564 1162 2647 neentis
1189 2562 1327 2671 longis
1353 2566 1448 2650 navi
1477 2592 1526 2653 us
1546 2564 1650 2655 effe·

75 2680 178 2782 ctis,
207 2674 729 2806 Carthaginienscsnavaii
749 2674 912 2783 proelio
940 2676 1067 2772 vicit,
1096 2673 1140 2759 dc
1168 2672 1340 2801 insulam
1359 2681 1541 2871 proprio
1567 2684 1649 2767 im·

75 2796 199 2907 perio
229 2786 417 2901 subjecit.
504 2788 650 2871 Sicilia
678 2806 818 2867 tamen
849 2810 982 2899 aeque
1011 2812 1059 2869 ac
1088 2785 1225 2869 Italia
1252 2812 1358 2871 exce
1389 2816 1461 2875 ere
1480 2792 1648 2881 coactus

72 2904 161 3001 est,
197 2898 417 3017 postquam
445 2924 547 3011 quas
578 2898 732 2981 Siculis
761 2895 957 2983 intitlerat
985 2896 1158 2999 clades',
1196 2896 1372 2985 viciffim
1399 2928 1423 2985 a
1451 2904 1650 2993 Romanis
1794 2934 1800 2947 ·

72 3014 209 3137 pristis
238 3012 310 3097 est.
836 3118 840 3126 ¹
1008 3102 1019 3115 ,-

86 3148 90 3154 “
130 3128 200 3217 De
216 3124 443 3209 Sci-liniae
463 3122 643 3231 imperio
662 3120 824 3233 aequali
842 3118 1094 3232 pertinacia,
1121 3120 1165 3209 dc
1185 3122 1339 3211 eodem
1369 3126 1529 3215 infelici
1555 3130 1650 3219 suc·

75 3240 228 3340 ceiio,·
243 3236 405 3323 Cartha
431 3234 608 3343 inienst's
625 3230 963 3329 contenderunt;
993 3262 1126 3349 eaque
1156 3236 1284 3321 insula
1313 3260 1474 3327 tentata
1501 3242 1649 3331 secun·

77 3356 139 3441 do
159 3352 323 3439 Punico
344 3264 481 3447 befio,
509 3346 564 3431 de
582 3372 670 3461 quo
698 3344 838 3457 postea
868 3370 1061 3455 agemus,
1080 3346 1266 3433 -cauiiam
1286 3350 1418 3437 dedit.

138 3464 281 3579 Tyrii,
320 3492 344 3549 a
372 3490 460 3575 quo
489 3470 620 3571 genus
646 3458 780 3543 Poeni
808 3456 995 3556 ducunt,
1035 3460 1246 3542 coloniam
1267 3460 1407 3547 Gadis
1424 3460 1645 3565 miseranti
1705 3558 1711 3570 ⁸

79 3582 184 3667 haec
215 3574 581 3703 Carthaginiensis
608 3570 834 3683 Hispanico
864 3567 1000 3669 bello,
1028 3595 1116 3767 pluo
1134 3570 1222 3681 ejus
1241 3574 1362 3681 regni
1380 3594 1544 3686 partem
1573 3576 1649 3665 de·

77 3696 296 3788 vicerunt,
326 3688 509 3801 adjuvit,
538 3686 701 3797 imperii
721 3684 821 3769 fines
839 3708 1012 3795 magnus
1062 3684 1129 3768 ein
1158 3682 1377 3770 Hannibal
1401 3684 1455 3773 ad
1483 3686 1650 3777 Iberum

80 3807 213 3923 usque
233 3800 462 3917 protendit.
545 3798 702 3909 Regno
732 3792 900 3883 tandem
918 3824 943 3881 a
962 3798 1161 3881 Romanis
1177 3790 1307 3905 ''ejetti
1323 3794 1440 3899 sunt,
1467 3800 1522 3887 de
1540 3832 1651 3919 quo·
1779 3816 1782 3821 '
1927 3772 1936 3785 ⁰

81 3946 178 4007 rum
208 3944 255 4001 re
275 3916 440 3999 nautica
460 3938 572 3997 nunc
593 3910 735 3995 dicere
766 3912 977 4021 incipiam.
1054 3938 1057 3943 ·

140 4028 366 4117 Maritimis
398 4024 555 4111 viribus
583 4026 781 4119 Romani,
810 4024 1046 4107 vicinorum
1074 4024 1271 4133 exemplo
1299 4024 1483 4125 incitati,
1513 4026 1557 4113 dt
1577 4052 1651 4115 ne.
1782 4030 1788 4041 ·

78 4142 269 4233 ce'iirtate
288 4142 459 4229 demum
478 4134 702 4247 compulsi,
730 4135 839 4222 serio
859 4130 1116 4219 studuerunt.
1174 4136 1242 4219 De
1262 4138 1427 4223 nautica
1445 4142 1502 4223 ait
1522 4140 1652 4255 Poly-

76 4260 198 4357 lins,
226 4276 323 4343 ante
340 4256 524 4367 primum
543 4250 700 4337 beilum
725 4250 931 4335 Panicum
951 4274 1005 4331 ne
1033 4248 1321 4378 cogitaverant
1340 4248 1652 4445 puidemmuae

80 4394 226 4461 tamen
245 4366 372 4461 verba
391 4394 478 4454 non
497 4362 632 4451 stride
650 4358 906 4479 accipienda.
965 4362 1168 4445 Romanos
1199 4386 1313 4446 emm
1360 4361 1492 4449 oedus
1521 4368 1575 4451 A.
1597 4366 1651 4565 g.

121 4616 369 4685 avidiiiodor.
382 4618 468 4685 sicui.
484 4616 583 4699 lustin.
602 4618 630 4681 ὰ
649 4618 733 4681 iiior.
794 4615 921 4679 dcirca
943 4612 1110 4695 olympiad.
1133 4628 1197 4686 rao
1254 4611 1379 4673 ecirca
1395 4610 1563 4691 olympiad.
1584 4626 1651 4689 tiz.
