<?xml version="1.0" encoding="UTF-8"?>
<!DOCTYPE html PUBLIC "-//W3C//DTD XHTML 1.0 Transitional//EN"
    "http://www.w3.org/TR/xhtml1/DTD/xhtml1-transitional.dtd">
<html xmlns="http://www.w3.org/1999/xhtml" xml:lang="en" lang="en">
 <head>
  <title>
</title>
<meta http-equiv="Content-Type" content="text/html;charset=utf-8" />
  <meta name='ocr-system' content='tesseract 3.04.00' />
  <meta name='ocr-capabilities' content='ocr_page ocr_carea ocr_par ocr_line ocrx_word'/>
</head>
<body>
  <div class='ocr_page' id='page_1' title='image "./caroliarbuthnot00arbugoog_0261.png"; bbox 0 0 4140 5646; ppageno 0'>
   <div class='ocr_carea' id='block_1_1' title="bbox 243 245 1614 371">
    <p class='ocr_par' dir='ltr' id='par_1_1' title="bbox 243 245 1614 371">
     <span class='ocr_line' id='line_1_1' title="bbox 243 245 1614 371; baseline -0.012 -18"><span class='ocrx_word' id='word_1_1' title='bbox 243 290 326 371; x_wconf 73' lang='lat'><strong>242</strong></span> <span class='ocrx_word' id='word_1_2' title='bbox 478 253 791 345; x_wconf 81' lang='lat' dir='ltr'><strong>TABULAE</strong></span> <span class='ocrx_word' id='word_1_3' title='bbox 829 251 1066 367; x_wconf 85' lang='lat' dir='ltr'><strong>ANTIQ.</strong></span> <span class='ocrx_word' id='word_1_4' title='bbox 1104 245 1614 339; x_wconf 84' lang='lat' dir='ltr'><strong>NUMISMATUM</strong></span> 
     </span>
    </p>
   </div>
   <div class='ocr_carea' id='block_1_2' title="bbox 242 460 1888 1710">
    <p class='ocr_par' dir='ltr' id='par_1_2' title="bbox 242 460 1816 801">
     <span class='ocr_line' id='line_1_2' title="bbox 242 460 1813 585; baseline -0.005 -22"><span class='ocrx_word' id='word_1_5' title='bbox 242 477 424 563; x_wconf 83' lang='lat' dir='ltr'><strong>rientem</strong></span> <span class='ocrx_word' id='word_1_6' title='bbox 447 468 780 585; x_wconf 87' lang='lat' dir='ltr'><strong>protenduntur,</strong></span> <span class='ocrx_word' id='word_1_7' title='bbox 809 464 978 553; x_wconf 67' lang='lat' dir='ltr'><strong>Paluda</strong></span> <span class='ocrx_word' id='word_1_8' title='bbox 1006 464 1169 551; x_wconf 87' lang='lat' dir='ltr'><strong>Maeoti</strong></span> <span class='ocrx_word' id='word_1_9' title='bbox 1196 484 1339 561; x_wconf 90' lang='lat' dir='ltr'><strong>tenus,</strong></span> <span class='ocrx_word' id='word_1_10' title='bbox 1368 460 1581 575; x_wconf 85' lang='lat' dir='ltr'><strong>patebant.</strong></span> <span class='ocrx_word' id='word_1_11' title='bbox 1639 464 1813 555; x_wconf 63' lang='lat' dir='ltr'><strong>travam</strong></span> 
     </span>
     <span class='ocr_line' id='line_1_3' title="bbox 244 575 1816 697; baseline -0.001 -26"><span class='ocrx_word' id='word_1_12' title='bbox 244 584 422 696; x_wconf 78' lang='lat' dir='ltr'><strong>uateasts</strong></span> <span class='ocrx_word' id='word_1_13' title='bbox 438 603 584 697; x_wconf 88' lang='lat' dir='ltr'><strong>portus</strong></span> <span class='ocrx_word' id='word_1_14' title='bbox 593 607 668 695; x_wconf 88' lang='lat' dir='ltr'><strong>per</strong></span> <span class='ocrx_word' id='word_1_15' title='bbox 685 576 967 693; x_wconf 84' lang='lat' dir='ltr'><strong>longillrmum</strong></span> <span class='ocrx_word' id='word_1_16' title='bbox 985 598 1073 665; x_wconf 90' lang='lat' dir='ltr'><strong>tem</strong></span> <span class='ocrx_word' id='word_1_17' title='bbox 1102 580 1186 663; x_wconf 86' lang='lat' dir='ltr'><strong>oris</strong></span> <span class='ocrx_word' id='word_1_18' title='bbox 1204 575 1382 665; x_wconf 70' lang='lat' dir='ltr'><strong>tracium</strong></span> <span class='ocrx_word' id='word_1_19' title='bbox 1399 577 1557 666; x_wconf 87' lang='lat' dir='ltr'><strong>summa</strong></span> <span class='ocrx_word' id='word_1_20' title='bbox 1565 576 1647 667; x_wconf 86' lang='lat' dir='ltr'><strong>fuit</strong></span> <span class='ocrx_word' id='word_1_21' title='bbox 1656 607 1816 697; x_wconf 86' lang='lat' dir='ltr'><strong>oppor-</strong></span> 
     </span>
     <span class='ocr_line' id='line_1_4' title="bbox 244 688 1573 801; baseline -0.008 -13"><span class='ocrx_word' id='word_1_22' title='bbox 244 700 423 799; x_wconf 78' lang='lat' dir='ltr'><strong>eunitae,</strong></span> <span class='ocrx_word' id='word_1_23' title='bbox 450 695 589 781; x_wconf 91' lang='lat' dir='ltr'><strong>donec</strong></span> <span class='ocrx_word' id='word_1_24' title='bbox 607 720 632 779; x_wconf 88' lang='lat' dir='ltr'><strong>a</strong></span> <span class='ocrx_word' id='word_1_25' title='bbox 650 696 753 782; x_wconf 80' lang='lat' dir='ltr'><strong>mari</strong></span> <span class='ocrx_word' id='word_1_26' title='bbox 770 690 937 781; x_wconf 67' lang='lat' dir='ltr'><strong>relictus</strong></span> <span class='ocrx_word' id='word_1_27' title='bbox 963 689 1069 801; x_wconf 89' lang='lat' dir='ltr'><strong>adge</strong></span> <span class='ocrx_word' id='word_1_28' title='bbox 1145 715 1268 778; x_wconf 87' lang='lat' dir='ltr'><strong>arena</strong></span> <span class='ocrx_word' id='word_1_29' title='bbox 1288 688 1573 779; x_wconf 65' lang='lat' dir='ltr'><strong>oblimaretur.</strong></span> 
     </span>
    </p>

    <p class='ocr_par' dir='ltr' id='par_1_3' title="bbox 243 802 1888 1371">
     <span class='ocr_line' id='line_1_5' title="bbox 301 802 1888 925; baseline 0 -26"><span class='ocrx_word' id='word_1_30' title='bbox 301 810 457 899; x_wconf 85' lang='lat' dir='ltr'><strong>Omnia</strong></span> <span class='ocrx_word' id='word_1_31' title='bbox 475 834 589 894; x_wconf 87' lang='lat' dir='ltr'><strong>nunc</strong></span> <span class='ocrx_word' id='word_1_32' title='bbox 615 806 729 891; x_wconf 84' lang='lat' dir='ltr'><strong>orbis</strong></span> <span class='ocrx_word' id='word_1_33' title='bbox 747 824 953 891; x_wconf 89' lang='lat' dir='ltr'><strong>terrarum</strong></span> <span class='ocrx_word' id='word_1_34' title='bbox 972 807 1226 906; x_wconf 84' lang='lat' dir='ltr'><strong>commercia</strong></span> <span class='ocrx_word' id='word_1_35' title='bbox 1245 804 1422 889; x_wconf 78' lang='lat' dir='ltr'><strong>Romani</strong></span> <span class='ocrx_word' id='word_1_36' title='bbox 1434 802 1538 917; x_wconf 75' lang='lat' dir='ltr'><strong>juris</strong></span> <span class='ocrx_word' id='word_1_37' title='bbox 1566 826 1710 909; x_wconf 87' lang='lat' dir='ltr'><strong>erant,</strong></span> <span class='ocrx_word' id='word_1_38' title='bbox 1738 813 1816 925; x_wconf 80' lang='lat' dir='ltr'><strong>qui</strong></span> <span class='ocrx_word' id='word_1_39' title='bbox 1884 829 1888 838; x_wconf 85' lang='lat'>&#39;</span> 
     </span>
     <span class='ocr_line' id='line_1_6' title="bbox 246 916 1815 1033; baseline 0 -23"><span class='ocrx_word' id='word_1_40' title='bbox 246 944 389 1010; x_wconf 83' lang='lat' dir='ltr'><strong>tamen</strong></span> <span class='ocrx_word' id='word_1_41' title='bbox 416 920 547 1031; x_wconf 85' lang='lat' dir='ltr'><strong>magis</strong></span> <span class='ocrx_word' id='word_1_42' title='bbox 571 921 616 1004; x_wconf 90' lang='lat' dir='ltr'><strong>in</strong></span> <span class='ocrx_word' id='word_1_43' title='bbox 644 944 699 1005; x_wconf 91' lang='lat' dir='ltr'><strong>eo</strong></span> <span class='ocrx_word' id='word_1_44' title='bbox 726 916 1063 1031; x_wconf 78' lang='lat' dir='ltr'><strong>occupabantur,</strong></span> <span class='ocrx_word' id='word_1_45' title='bbox 1090 944 1173 1033; x_wconf 88' lang='lat' dir='ltr'><strong>qua</strong></span> <span class='ocrx_word' id='word_1_46' title='bbox 1198 918 1363 1005; x_wconf 87' lang='lat' dir='ltr'><strong>tatione</strong></span> <span class='ocrx_word' id='word_1_47' title='bbox 1381 916 1589 1005; x_wconf 85' lang='lat' dir='ltr'>ditionem</span> <span class='ocrx_word' id='word_1_48' title='bbox 1606 918 1721 1008; x_wconf 86' lang='lat' dir='ltr'><strong>suam</strong></span> <span class='ocrx_word' id='word_1_49' title='bbox 1740 948 1815 1011; x_wconf 86' lang='lat' dir='ltr'><strong>ex·</strong></span> 
     </span>
     <span class='ocr_line' id='line_1_7' title="bbox 245 1026 1823 1147; baseline 0.004 -25"><span class='ocrx_word' id='word_1_50' title='bbox 245 1034 493 1134; x_wconf 87' lang='lat' dir='ltr'>tenderent,</span> <span class='ocrx_word' id='word_1_51' title='bbox 520 1055 646 1145; x_wconf 90' lang='lat' dir='ltr'><strong>quam</strong></span> <span class='ocrx_word' id='word_1_52' title='bbox 663 1058 747 1147; x_wconf 87' lang='lat' dir='ltr'><strong>qua</strong></span> <span class='ocrx_word' id='word_1_53' title='bbox 764 1050 1042 1120; x_wconf 83' lang='lat' dir='ltr'><strong>mercaturam</strong></span> <span class='ocrx_word' id='word_1_54' title='bbox 1069 1030 1327 1117; x_wconf 87' lang='lat' dir='ltr'><strong>excolerent.</strong></span> <span class='ocrx_word' id='word_1_55' title='bbox 1413 1026 1594 1119; x_wconf 80' lang='lat' dir='ltr'><strong>Veteres</strong></span> <span class='ocrx_word' id='word_1_56' title='bbox 1611 1032 1823 1128; x_wconf 76' lang='lat' dir='ltr'><strong>rariffime</strong></span> 
     </span>
     <span class='ocr_line' id='line_1_8' title="bbox 243 1140 1821 1278; baseline 0.002 -44"><span class='ocrx_word' id='word_1_57' title='bbox 243 1150 291 1235; x_wconf 90' lang='lat' dir='ltr'><strong>in</strong></span> <span class='ocrx_word' id='word_1_58' title='bbox 309 1147 439 1254; x_wconf 82' lang='lat' dir='ltr'><strong>altum</strong></span> <span class='ocrx_word' id='word_1_59' title='bbox 466 1140 701 1278; x_wconf 79' lang='lat' dir='ltr'><strong>procedere</strong></span> <span class='ocrx_word' id='word_1_60' title='bbox 731 1144 888 1244; x_wconf 64' lang='lat' dir='ltr'><strong>aulos,</strong></span> <span class='ocrx_word' id='word_1_61' title='bbox 908 1167 989 1231; x_wconf 91' lang='lat' dir='ltr'><strong>nec</strong></span> <span class='ocrx_word' id='word_1_62' title='bbox 1018 1142 1095 1229; x_wconf 89' lang='lat' dir='ltr'><strong>nifi</strong></span> <span class='ocrx_word' id='word_1_63' title='bbox 1123 1142 1247 1231; x_wconf 86' lang='lat' dir='ltr'><strong>litora</strong></span> <span class='ocrx_word' id='word_1_64' title='bbox 1277 1142 1516 1257; x_wconf 80' lang='lat' dir='ltr'><strong>navigando</strong></span> <span class='ocrx_word' id='word_1_65' title='bbox 1542 1143 1714 1260; x_wconf 81' lang='lat' dir='ltr'><strong>legille,</strong></span> <span class='ocrx_word' id='word_1_66' title='bbox 1746 1171 1821 1238; x_wconf 76' lang='lat' dir='ltr'><strong>ret</strong></span> 
     </span>
     <span class='ocr_line' id='line_1_9' title="bbox 245 1255 1818 1371; baseline -0.001 -26"><span class='ocrx_word' id='word_1_67' title='bbox 245 1258 307 1345; x_wconf 89' lang='lat' dir='ltr'><strong>cll</strong></span> <span class='ocrx_word' id='word_1_68' title='bbox 325 1258 574 1359; x_wconf 85' lang='lat' dir='ltr'><strong>certillrma,</strong></span> <span class='ocrx_word' id='word_1_69' title='bbox 630 1256 804 1371; x_wconf 91' lang='lat' dir='ltr'><strong>uicquid</strong></span> <span class='ocrx_word' id='word_1_70' title='bbox 822 1255 978 1344; x_wconf 79' lang='lat' dir='ltr'><strong>Straba</strong></span> <span class='ocrx_word' id='word_1_71' title='bbox 993 1278 1144 1345; x_wconf 89' lang='lat' dir='ltr'><strong>contra</strong></span> <span class='ocrx_word' id='word_1_72' title='bbox 1161 1255 1330 1343; x_wconf 85' lang='lat' dir='ltr'><strong>dixerit.</strong></span> <span class='ocrx_word' id='word_1_73' title='bbox 1809 1269 1818 1364; x_wconf 71' lang='grc' dir='ltr'><strong><em>ζ</em></strong></span> 
     </span>
    </p>

    <p class='ocr_par' dir='ltr' id='par_1_4' title="bbox 244 1362 1843 1710">
     <span class='ocr_line' id='line_1_10' title="bbox 302 1362 1843 1510; baseline 0.002 -51"><span class='ocrx_word' id='word_1_74' title='bbox 302 1370 568 1462; x_wconf 87' lang='lat' dir='ltr'><strong>Mercatores</strong></span> <span class='ocrx_word' id='word_1_75' title='bbox 640 1398 799 1473; x_wconf 78' lang='lat' dir='ltr'><strong>amaros</strong></span> <span class='ocrx_word' id='word_1_76' title='bbox 835 1368 889 1455; x_wconf 86' lang='lat' dir='ltr'><strong>ad</strong></span> <span class='ocrx_word' id='word_1_77' title='bbox 919 1366 1045 1455; x_wconf 83' lang='lat' dir='ltr'><strong>Indos</strong></span> <span class='ocrx_word' id='word_1_78' title='bbox 1083 1362 1306 1455; x_wconf 74' lang='lat' dir='ltr'><strong>orientales</strong></span> <span class='ocrx_word' id='word_1_79' title='bbox 1357 1367 1540 1458; x_wconf 89' lang='lat' dir='ltr'><strong>eundern</strong></span> <span class='ocrx_word' id='word_1_80' title='bbox 1576 1369 1843 1510; x_wconf 72' lang='lat' dir='ltr'><strong>navigando·</strong></span> 
     </span>
     <span class='ocr_line' id='line_1_11' title="bbox 245 1478 1822 1601; baseline 0.004 -28"><span class='ocrx_word' id='word_1_81' title='bbox 245 1484 414 1575; x_wconf 90' lang='lat' dir='ltr'><strong>cursum</strong></span> <span class='ocrx_word' id='word_1_82' title='bbox 432 1478 629 1585; x_wconf 80' lang='lat' dir='ltr'><strong>tenuillc,</strong></span> <span class='ocrx_word' id='word_1_83' title='bbox 642 1511 647 1521; x_wconf 90' lang='lat'>·</span> <span class='ocrx_word' id='word_1_84' title='bbox 658 1509 788 1601; x_wconf 90' lang='lat' dir='ltr'><strong>quern</strong></span> <span class='ocrx_word' id='word_1_85' title='bbox 807 1484 908 1569; x_wconf 92' lang='lat' dir='ltr'><strong>olim</strong></span> <span class='ocrx_word' id='word_1_86' title='bbox 927 1482 1169 1570; x_wconf 74' lang='lat' dir='ltr'><strong>Alexandri</strong></span> <span class='ocrx_word' id='word_1_87' title='bbox 1194 1480 1326 1571; x_wconf 85' lang='lat' dir='ltr'><strong>claffis</strong></span> <span class='ocrx_word' id='word_1_88' title='bbox 1353 1496 1572 1585; x_wconf 87' lang='lat' dir='ltr'><strong>tenuerat,</strong></span> <span class='ocrx_word' id='word_1_89' title='bbox 1598 1488 1780 1579; x_wconf 71' lang='lat' dir='ltr'><strong>Pierius</strong></span> <span class='ocrx_word' id='word_1_90' title='bbox 1799 1499 1822 1549; x_wconf 67' lang='lat'>²</span> 
     </span>
     <span class='ocr_line' id='line_1_12' title="bbox 244 1592 1819 1710; baseline 0.002 -23"><span class='ocrx_word' id='word_1_91' title='bbox 244 1598 411 1701; x_wconf 76' lang='lat' dir='ltr'><strong>scribit,</strong></span> <span class='ocrx_word' id='word_1_92' title='bbox 440 1597 679 1710; x_wconf 86' lang='lat' dir='ltr'><strong>&amp;lingulas</strong></span> <span class='ocrx_word' id='word_1_93' title='bbox 698 1595 785 1708; x_wconf 86' lang='lat' dir='ltr'><strong>ejus</strong></span> <span class='ocrx_word' id='word_1_94' title='bbox 804 1596 1079 1708; x_wconf 79' lang='lat' dir='ltr'><strong>navigationis</strong></span> <span class='ocrx_word' id='word_1_95' title='bbox 1098 1592 1352 1697; x_wconf 76' lang='lat' dir='ltr'><strong>mansiones,</strong></span> <span class='ocrx_word' id='word_1_96' title='bbox 1380 1598 1649 1686; x_wconf 75' lang='lat' dir='ltr'><strong>Alexandria</strong></span> <span class='ocrx_word' id='word_1_97' title='bbox 1665 1602 1712 1694; x_wconf 89' lang='lat' dir='ltr'><strong>in</strong></span> <span class='ocrx_word' id='word_1_98' title='bbox 1738 1602 1819 1690; x_wconf 76' lang='lat' dir='ltr'><strong>In·</strong></span> 
     </span>
    </p>
   </div>
   <div class='ocr_carea' id='block_1_3' title="bbox 78 1706 1821 1849">
    <p class='ocr_par' dir='ltr' id='par_1_5' title="bbox 78 1706 1821 1849">
     <span class='ocr_line' id='line_1_13' title="bbox 78 1706 1821 1849; baseline 0.003 -51"><span class='ocrx_word' id='word_1_99' title='bbox 78 1708 86 1723; x_wconf 87' lang='lat'>&#39;</span> <span class='ocrx_word' id='word_1_100' title='bbox 245 1714 359 1799; x_wconf 76' lang='lat' dir='ltr'><strong>diam</strong></span> <span class='ocrx_word' id='word_1_101' title='bbox 374 1712 530 1849; x_wconf 82' lang='lat' dir='ltr'><strong>usque,</strong></span> <span class='ocrx_word' id='word_1_102' title='bbox 556 1710 780 1825; x_wconf 80' lang='lat' dir='ltr'><strong>diligenter</strong></span> <span class='ocrx_word' id='word_1_103' title='bbox 808 1708 965 1828; x_wconf 86' lang='lat' dir='ltr'><strong>scripto</strong></span> <span class='ocrx_word' id='word_1_104' title='bbox 990 1708 1212 1797; x_wconf 85' lang='lat' dir='ltr'><strong>exsecutus</strong></span> <span class='ocrx_word' id='word_1_105' title='bbox 1239 1706 1311 1795; x_wconf 91' lang='lat' dir='ltr'><strong>est.</strong></span> <span class='ocrx_word' id='word_1_106' title='bbox 1365 1708 1523 1811; x_wconf 90' lang='lat' dir='ltr'><strong>Lucri,</strong></span> <span class='ocrx_word' id='word_1_107' title='bbox 1549 1712 1821 1829; x_wconf 64' lang='lat' dir='ltr'><strong>inquimu-</strong></span> 
     </span>
    </p>
   </div>
   <div class='ocr_carea' id='block_1_4' title="bbox 244 1811 1900 2060">
    <p class='ocr_par' dir='ltr' id='par_1_6' title="bbox 244 1811 1900 2060">
     <span class='ocr_line' id='line_1_14' title="bbox 244 1811 1900 2023; baseline 0 -113"><span class='ocrx_word' id='word_1_108' title='bbox 244 1825 351 1938; x_wconf 81' lang='lat' dir='ltr'><strong>pido</strong></span> <span class='ocrx_word' id='word_1_109' title='bbox 367 1846 571 1914; x_wconf 82' lang='lat' dir='ltr'><strong>tutiorem</strong></span> <span class='ocrx_word' id='word_1_110' title='bbox 587 1826 918 2023; x_wconf 60' lang='lat' dir='ltr'><strong>Ktopioremque</strong></span> <span class='ocrx_word' id='word_1_111' title='bbox 936 1822 1102 1910; x_wconf 91' lang='lat' dir='ltr'><strong>cursum</strong></span> <span class='ocrx_word' id='word_1_112' title='bbox 1117 1820 1345 1932; x_wconf 77' lang='lat' dir='ltr'><strong>judicarit,</strong></span> <span class='ocrx_word' id='word_1_113' title='bbox 1371 1820 1463 1910; x_wconf 91' lang='lat' dir='ltr'><strong>liin</strong></span> <span class='ocrx_word' id='word_1_114' title='bbox 1481 1825 1613 1913; x_wconf 87' lang='lat' dir='ltr'><strong>altum</strong></span> <span class='ocrx_word' id='word_1_115' title='bbox 1638 1811 1823 1943; x_wconf 45' lang='lat' dir='ltr'><strong>progr}</strong></span> <span class='ocrx_word' id='word_1_116' title='bbox 1896 1825 1900 1834; x_wconf 89' lang='lat'>&#39;</span> 
     </span>
     <span class='ocr_line' id='line_1_15' title="bbox 246 1917 1862 2060; baseline 0.006 -38"><span class='ocrx_word' id='word_1_117' title='bbox 246 1938 472 2041; x_wconf 84' lang='lat' dir='ltr'><strong>detentur,</strong></span> <span class='ocrx_word' id='word_1_118' title='bbox 499 1937 585 2026; x_wconf 81' lang='lat' dir='ltr'><strong>&amp;a</strong></span> <span class='ocrx_word' id='word_1_119' title='bbox 633 1966 721 2027; x_wconf 90' lang='lat' dir='ltr'><strong>uno</strong></span> <span class='ocrx_word' id='word_1_120' title='bbox 730 1939 1027 2050; x_wconf 88' lang='lat' dir='ltr'><strong>promontorio</strong></span> <span class='ocrx_word' id='word_1_121' title='bbox 1048 1935 1225 2026; x_wconf 86' lang='lat' dir='ltr'><strong>alterum</strong></span> <span class='ocrx_word' id='word_1_122' title='bbox 1240 1955 1447 2050; x_wconf 87' lang='lat' dir='ltr'><strong>peterent.</strong></span> <span class='ocrx_word' id='word_1_123' title='bbox 1505 1937 1629 2052; x_wconf 87' lang='lat' dir='ltr'><strong>Quae</strong></span> <span class='ocrx_word' id='word_1_124' title='bbox 1647 1938 1709 2029; x_wconf 87' lang='lat' dir='ltr'><strong>de.</strong></span> <span class='ocrx_word' id='word_1_125' title='bbox 1722 1917 1820 2060; x_wconf 59' lang='lat' dir='ltr'><strong>obi-2</strong></span> <span class='ocrx_word' id='word_1_126' title='bbox 1840 1999 1862 2016; x_wconf 74' lang='lat'><strong>=-</strong></span> 
     </span>
    </p>
   </div>
   <div class='ocr_carea' id='block_1_5' title="bbox 174 2045 1880 2702">
    <p class='ocr_par' dir='ltr' id='par_1_7' title="bbox 174 2045 1880 2702">
     <span class='ocr_line' id='line_1_16' title="bbox 247 2045 1876 2172; baseline -0.003 -35"><span class='ocrx_word' id='word_1_127' title='bbox 247 2070 290 2137; x_wconf 86' lang='lat' dir='ltr'><strong>ta</strong></span> <span class='ocrx_word' id='word_1_128' title='bbox 309 2054 358 2137; x_wconf 92' lang='lat' dir='ltr'><em>A</em></span> <span class='ocrx_word' id='word_1_129' title='bbox 409 2056 488 2154; x_wconf 78' lang='lat' dir='ltr'><strong>&#39;a,</strong></span> <span class='ocrx_word' id='word_1_130' title='bbox 515 2050 672 2142; x_wconf 80' lang='lat' dir='ltr'><strong>efreto</strong></span> <span class='ocrx_word' id='word_1_131' title='bbox 701 2050 908 2137; x_wconf 79' lang='lat' dir='ltr'><strong>Gaditano</strong></span> <span class='ocrx_word' id='word_1_132' title='bbox 935 2048 989 2138; x_wconf 83' lang='lat' dir='ltr'><strong>ad</strong></span> <span class='ocrx_word' id='word_1_133' title='bbox 1008 2073 1122 2138; x_wconf 82' lang='lat' dir='ltr'><strong>mare</strong></span> <span class='ocrx_word' id='word_1_134' title='bbox 1140 2045 1331 2136; x_wconf 73' lang='lat' dir='ltr'><strong>Rubrum</strong></span> <span class='ocrx_word' id='word_1_135' title='bbox 1345 2047 1500 2165; x_wconf 86' lang='lat' dir='ltr'><strong>usque,</strong></span> <span class='ocrx_word' id='word_1_136' title='bbox 1528 2071 1691 2156; x_wconf 79' lang='lat' dir='ltr'><strong>narrat,</strong></span> <span class='ocrx_word' id='word_1_137' title='bbox 1717 2059 1822 2172; x_wconf 61' lang='lat' dir='ltr'><strong>ueta</strong></span> <span class='ocrx_word' id='word_1_138' title='bbox 1870 2095 1876 2112; x_wconf 79' lang='lat'><strong>·</strong></span> 
     </span>
     <span class='ocr_line' id='line_1_17' title="bbox 174 2158 1823 2284; baseline 0.004 -34"><span class='ocrx_word' id='word_1_139' title='bbox 174 2176 178 2184; x_wconf 86' lang='lat'>&#39;</span> <span class='ocrx_word' id='word_1_140' title='bbox 245 2189 329 2277; x_wconf 88' lang='lat' dir='ltr'><strong>pen</strong></span> <span class='ocrx_word' id='word_1_141' title='bbox 361 2166 375 2251; x_wconf 95' lang='lat' dir='ltr'><strong>i</strong></span> <span class='ocrx_word' id='word_1_142' title='bbox 395 2187 632 2265; x_wconf 79' lang='lat' dir='ltr'><strong>merentur,</strong></span> <span class='ocrx_word' id='word_1_143' title='bbox 659 2181 799 2281; x_wconf 89' lang='lat' dir='ltr'><strong>eoque</strong></span> <span class='ocrx_word' id='word_1_144' title='bbox 817 2160 972 2252; x_wconf 77' lang='lat' dir='ltr'><strong>latium</strong></span> <span class='ocrx_word' id='word_1_145' title='bbox 990 2160 1124 2276; x_wconf 85' lang='lat' dir='ltr'><strong>ipsum</strong></span> <span class='ocrx_word' id='word_1_146' title='bbox 1143 2182 1263 2250; x_wconf 83' lang='lat' dir='ltr'><strong>extra</strong></span> <span class='ocrx_word' id='word_1_147' title='bbox 1280 2158 1551 2252; x_wconf 86' lang='lat' dir='ltr'><strong>dubitationis</strong></span> <span class='ocrx_word' id='word_1_148' title='bbox 1578 2165 1720 2284; x_wconf 35' lang='lat' dir='ltr'><strong>aleam,</strong></span> <span class='ocrx_word' id='word_1_149' title='bbox 1738 2191 1823 2283; x_wconf 78' lang='lat' dir='ltr'><strong>po·</strong></span> 
     </span>
     <span class='ocr_line' id='line_1_18' title="bbox 246 2273 1880 2396; baseline 0.002 -33"><span class='ocrx_word' id='word_1_150' title='bbox 246 2280 323 2365; x_wconf 92' lang='lat' dir='ltr'><strong>nit.</strong></span> <span class='ocrx_word' id='word_1_151' title='bbox 380 2278 494 2371; x_wconf 90' lang='lat' dir='ltr'><strong>Rern</strong></span> <span class='ocrx_word' id='word_1_152' title='bbox 514 2278 667 2367; x_wconf 87' lang='lat' dir='ltr'><strong>exinde</strong></span> <span class='ocrx_word' id='word_1_153' title='bbox 686 2276 862 2393; x_wconf 82' lang='lat' dir='ltr'><strong>probat,</strong></span> <span class='ocrx_word' id='word_1_154' title='bbox 887 2273 1006 2393; x_wconf 91' lang='lat' dir='ltr'><strong>quod</strong></span> <span class='ocrx_word' id='word_1_155' title='bbox 1031 2274 1143 2391; x_wconf 82' lang='lat' dir='ltr'><strong>ligna</strong></span> <span class='ocrx_word' id='word_1_156' title='bbox 1171 2276 1366 2383; x_wconf 83' lang='lat' dir='ltr'><strong>navium,</strong></span> <span class='ocrx_word' id='word_1_157' title='bbox 1391 2301 1446 2362; x_wconf 86' lang='lat' dir='ltr'><strong>ex</strong></span> <span class='ocrx_word' id='word_1_158' title='bbox 1472 2276 1831 2396; x_wconf 63' lang='lat' dir='ltr'><strong>Hispaniie²gro==ss</strong></span> <span class='ocrx_word' id='word_1_159' title='bbox 1867 2337 1880 2348; x_wconf 84' lang='lat'><strong>·-</strong></span> 
     </span>
     <span class='ocr_line' id='line_1_19' title="bbox 246 2388 1826 2508; baseline 0.003 -32"><span class='ocrx_word' id='word_1_160' title='bbox 246 2389 473 2491; x_wconf 69' lang='lat' dir='ltr'><strong>tectarum,</strong></span> <span class='ocrx_word' id='word_1_161' title='bbox 501 2393 544 2477; x_wconf 87' lang='lat' dir='ltr'><strong>in</strong></span> <span class='ocrx_word' id='word_1_162' title='bbox 565 2392 669 2479; x_wconf 89' lang='lat' dir='ltr'><strong>mari</strong></span> <span class='ocrx_word' id='word_1_163' title='bbox 687 2389 819 2479; x_wconf 88' lang='lat' dir='ltr'><strong>rubro</strong></span> <span class='ocrx_word' id='word_1_164' title='bbox 836 2388 1087 2505; x_wconf 70' lang='lat' dir='ltr'><strong>agnitolint.</strong></span> <span class='ocrx_word' id='word_1_165' title='bbox 1152 2388 1222 2477; x_wconf 92' lang='lat' dir='ltr'><strong>De</strong></span> <span class='ocrx_word' id='word_1_166' title='bbox 1239 2388 1459 2476; x_wconf 75' lang='lat' dir='ltr'><strong>Hannonis</strong></span> <span class='ocrx_word' id='word_1_167' title='bbox 1476 2388 1592 2508; x_wconf 87' lang='lat' dir='ltr'><strong>idem</strong></span> <span class='ocrx_word' id='word_1_168' title='bbox 1618 2388 1826 2504; x_wconf 58' lang='lat' dir='ltr'><strong>sinnam·</strong></span> 
     </span>
     <span class='ocr_line' id='line_1_20' title="bbox 247 2489 1772 2702; baseline 0.003 -113"><span class='ocrx_word' id='word_1_169' title='bbox 247 2504 315 2589; x_wconf 86' lang='lat' dir='ltr'><strong>rio</strong></span> <span class='ocrx_word' id='word_1_170' title='bbox 341 2502 527 2616; x_wconf 85' lang='lat' dir='ltr'><strong>ejusdem</strong></span> <span class='ocrx_word' id='word_1_171' title='bbox 556 2505 649 2591; x_wconf 86' lang='lat' dir='ltr'><strong>navi</strong></span> <span class='ocrx_word' id='word_1_172' title='bbox 703 2505 856 2606; x_wconf 84' lang='lat' dir='ltr'><strong>tionis,</strong></span> <span class='ocrx_word' id='word_1_173' title='bbox 891 2525 1092 2702; x_wconf 47' lang='lat' dir='ltr'><strong>tanguam</strong></span> <span class='ocrx_word' id='word_1_174' title='bbox 1118 2499 1289 2593; x_wconf 83' lang='lat' dir='ltr'><strong>indubia</strong></span> <span class='ocrx_word' id='word_1_175' title='bbox 1307 2528 1387 2606; x_wconf 78' lang='lat' dir='ltr'><strong>re,</strong></span> <span class='ocrx_word' id='word_1_176' title='bbox 1423 2513 1660 2605; x_wconf 71' lang='lat' dir='ltr'><strong>memorate</strong></span> <span class='ocrx_word' id='word_1_177' title='bbox 1710 2489 1772 2630; x_wconf 68' lang='lat'><strong>..,“</strong></span> 
     </span>
    </p>
   </div>
   <div class='ocr_carea' id='block_1_6' title="bbox 247 2611 1825 2862">
    <p class='ocr_par' dir='ltr' id='par_1_8' title="bbox 247 2611 1825 2870">
     <span class='ocr_line' id='line_1_21' title="bbox 247 2611 1819 2732; baseline 0.003 -29"><span class='ocrx_word' id='word_1_178' title='bbox 247 2637 364 2705; x_wconf 86' lang='lat' dir='ltr'><strong>terea</strong></span> <span class='ocrx_word' id='word_1_179' title='bbox 401 2617 584 2705; x_wconf 74' lang='lat' dir='ltr'><strong>Cornelii</strong></span> <span class='ocrx_word' id='word_1_180' title='bbox 670 2619 837 2732; x_wconf 83' lang='lat' dir='ltr'><strong>epatis,</strong></span> <span class='ocrx_word' id='word_1_181' title='bbox 872 2616 970 2716; x_wconf 88' lang='lat' dir='ltr'><strong>lucu</strong></span> <span class='ocrx_word' id='word_1_182' title='bbox 987 2617 1076 2703; x_wconf 91' lang='lat' dir='ltr'><strong>enti</strong></span> <span class='ocrx_word' id='word_1_183' title='bbox 1103 2614 1283 2713; x_wconf 68' lang='lat' dir='ltr'><strong>rudioris</strong></span> <span class='ocrx_word' id='word_1_184' title='bbox 1311 2611 1427 2716; x_wconf 87' lang='lat' dir='ltr'><strong>lide,</strong></span> <span class='ocrx_word' id='word_1_185' title='bbox 1463 2614 1629 2720; x_wconf 85' lang='lat' dir='ltr'><strong>refert,</strong></span> <span class='ocrx_word' id='word_1_186' title='bbox 1719 2617 1819 2708; x_wconf 63' lang='lat' dir='ltr'><strong>iada</strong></span> 
     </span>
     <span class='ocr_line' id='line_1_22' title="bbox 247 2727 1825 2862; baseline 0.004 -48"><span class='ocrx_word' id='word_1_187' title='bbox 247 2759 345 2815; x_wconf 75' lang='lat' dir='ltr'><strong>xum</strong></span> <span class='ocrx_word' id='word_1_188' title='bbox 363 2730 597 2859; x_wconf 82' lang='lat' dir='ltr'><strong>quendam,</strong></span> <span class='ocrx_word' id='word_1_189' title='bbox 625 2756 724 2817; x_wconf 91' lang='lat' dir='ltr'><strong>cum</strong></span> <span class='ocrx_word' id='word_1_190' title='bbox 742 2732 1023 2818; x_wconf 67' lang='lat' dir='ltr'><strong>Ptolemaeum</strong></span> <span class='ocrx_word' id='word_1_191' title='bbox 1041 2727 1275 2841; x_wconf 53' lang='grc' dir='ltr'><strong>Διώνη</strong></span> <span class='ocrx_word' id='word_1_192' title='bbox 1301 2727 1493 2843; x_wconf 87' lang='lat' dir='ltr'><strong>fugeret,</strong></span> <span class='ocrx_word' id='word_1_193' title='bbox 1519 2729 1701 2862; x_wconf 69' lang='lat' dir='ltr'><strong>Arabiae</strong></span> <span class='ocrx_word' id='word_1_194' title='bbox 1711 2779 1716 2844; x_wconf 68' lang='lat'><em>3</em></span> <span class='ocrx_word' id='word_1_195' title='bbox 1727 2727 1825 2862; x_wconf 73' lang='lat' dir='ltr'><strong>futu</strong></span> 
     </span>
    </p>
   </div>
   <div class='ocr_carea' id='block_1_7' title="bbox 98 2838 928 2961">
    <p class='ocr_par' dir='ltr' id='par_1_9' title="bbox 98 2838 928 2961">
     <span class='ocr_line' id='line_1_23' title="bbox 98 2838 928 2961; baseline 0 -32"><span class='ocrx_word' id='word_1_196' title='bbox 98 2955 102 2961; x_wconf 18' lang='lat'>³</span> <span class='ocrx_word' id='word_1_197' title='bbox 246 2842 476 2955; x_wconf 87' lang='lat' dir='ltr'><strong>egrellum,</strong></span> <span class='ocrx_word' id='word_1_198' title='bbox 516 2841 701 2930; x_wconf 81' lang='lat' dir='ltr'><strong>Gadibus</strong></span> <span class='ocrx_word' id='word_1_199' title='bbox 717 2838 928 2959; x_wconf 86' lang='lat' dir='ltr'><strong>adpulisle.</strong></span> 
     </span>
    </p>
   </div>
   <div class='ocr_carea' id='block_1_8' title="bbox 244 2955 1899 4085">
    <p class='ocr_par' dir='ltr' id='par_1_10' title="bbox 244 2955 1899 4085">
     <span class='ocr_line' id='line_1_24' title="bbox 305 2955 1899 3071; baseline 0.005 -30"><span class='ocrx_word' id='word_1_200' title='bbox 305 2956 525 3044; x_wconf 90' lang='lat' dir='ltr'><strong>Nauticam</strong></span> <span class='ocrx_word' id='word_1_201' title='bbox 558 2982 649 3044; x_wconf 88' lang='lat' dir='ltr'><strong>rem</strong></span> <span class='ocrx_word' id='word_1_202' title='bbox 678 2958 854 3065; x_wconf 73' lang='lat' dir='ltr'><strong>Romani</strong></span> <span class='ocrx_word' id='word_1_203' title='bbox 881 2955 1098 3069; x_wconf 81' lang='lat' dir='ltr'><strong>insigniter</strong></span> <span class='ocrx_word' id='word_1_204' title='bbox 1123 2982 1199 3071; x_wconf 83' lang='lat' dir='ltr'><strong>per</strong></span> <span class='ocrx_word' id='word_1_205' title='bbox 1228 2958 1484 3046; x_wconf 87' lang='lat' dir='ltr'><strong>commercia</strong></span> <span class='ocrx_word' id='word_1_206' title='bbox 1499 2955 1572 3045; x_wconf 82' lang='lat' dir='ltr'><strong>sua</strong></span> <span class='ocrx_word' id='word_1_207' title='bbox 1589 2983 1689 3064; x_wconf 81' lang='lat' dir='ltr'><strong>cnut</strong></span> <span class='ocrx_word' id='word_1_208' title='bbox 1719 2960 1731 3063; x_wconf 65' lang='lat' dir='ltr'><em>J</em></span> <span class='ocrx_word' id='word_1_209' title='bbox 1886 3005 1899 3058; x_wconf 72' lang='grc' dir='ltr'><strong>ι,</strong></span> 
     </span>
     <span class='ocr_line' id='line_1_25' title="bbox 248 3065 1842 3184; baseline 0.009 -33"><span class='ocrx_word' id='word_1_210' title='bbox 248 3066 425 3153; x_wconf 85' lang='lat' dir='ltr'><strong>tioribus</strong></span> <span class='ocrx_word' id='word_1_211' title='bbox 454 3065 648 3181; x_wconf 85' lang='lat' dir='ltr'><strong>gentibus</strong></span> <span class='ocrx_word' id='word_1_212' title='bbox 705 3090 976 3157; x_wconf 81' lang='lat' dir='ltr'><strong>revexerunt.</strong></span> <span class='ocrx_word' id='word_1_213' title='bbox 1060 3070 1248 3155; x_wconf 73' lang='lat' dir='ltr'><strong>Haterius</strong></span> <span class='ocrx_word' id='word_1_214' title='bbox 1273 3068 1438 3170; x_wconf 90' lang='lat' dir='ltr'><strong>censet,</strong></span> <span class='ocrx_word' id='word_1_215' title='bbox 1462 3074 1618 3184; x_wconf 66' lang='lat' dir='ltr'><strong>partim</strong></span> <span class='ocrx_word' id='word_1_216' title='bbox 1635 3098 1700 3180; x_wconf 55' lang='lat' dir='ltr'><strong>au,</strong></span> <span class='ocrx_word' id='word_1_217' title='bbox 1728 3073 1842 3172; x_wconf 44' lang='lat' dir='ltr'><strong>oti&amp;</strong></span> 
     </span>
     <span class='ocr_line' id='line_1_26' title="bbox 248 3178 1853 3297; baseline 0.015 -32"><span class='ocrx_word' id='word_1_218' title='bbox 248 3198 336 3265; x_wconf 90' lang='lat' dir='ltr'><strong>tate</strong></span> <span class='ocrx_word' id='word_1_219' title='bbox 366 3182 564 3295; x_wconf 77' lang='lat' dir='ltr'><strong>Vegetii⁸</strong></span> <span class='ocrx_word' id='word_1_220' title='bbox 606 3181 660 3269; x_wconf 89' lang='lat' dir='ltr'><strong>ad</strong></span> <span class='ocrx_word' id='word_1_221' title='bbox 690 3179 840 3282; x_wconf 75' lang='lat' dir='ltr'><strong>udus,</strong></span> <span class='ocrx_word' id='word_1_222' title='bbox 861 3187 1012 3295; x_wconf 82' lang='lat' dir='ltr'><strong>partim</strong></span> <span class='ocrx_word' id='word_1_223' title='bbox 1032 3178 1089 3267; x_wconf 92' lang='lat' dir='ltr'><strong>ob</strong></span> <span class='ocrx_word' id='word_1_224' title='bbox 1116 3179 1252 3297; x_wconf 82' lang='lat' dir='ltr'><strong>ipsum</strong></span> <span class='ocrx_word' id='word_1_225' title='bbox 1269 3185 1421 3269; x_wconf 78' lang='lat' dir='ltr'><strong>Veneti</strong></span> <span class='ocrx_word' id='word_1_226' title='bbox 1449 3184 1605 3272; x_wconf 84' lang='lat' dir='ltr'><strong>coloris</strong></span> <span class='ocrx_word' id='word_1_227' title='bbox 1632 3179 1853 3290; x_wconf 60' lang='lat' dir='ltr'><strong>oolibae·</strong></span> 
     </span>
     <span class='ocr_line' id='line_1_27' title="bbox 249 3289 1866 3497; baseline 0.006 -117"><span class='ocrx_word' id='word_1_228' title='bbox 249 3289 621 3395; x_wconf 85' lang='lat' dir='ltr'><strong>consuetudinem,</strong></span> <span class='ocrx_word' id='word_1_229' title='bbox 648 3292 942 3409; x_wconf 83' lang='lat' dir='ltr'><strong>speculatorias</strong></span> <span class='ocrx_word' id='word_1_230' title='bbox 969 3320 1118 3396; x_wconf 82' lang='lat' dir='ltr'><strong>nores,</strong></span> <span class='ocrx_word' id='word_1_231' title='bbox 1157 3320 1301 3384; x_wconf 88' lang='lat' dir='ltr'><strong>earum</strong></span> <span class='ocrx_word' id='word_1_232' title='bbox 1330 3296 1452 3389; x_wconf 85' lang='lat' dir='ltr'><strong>vela.</strong></span> <span class='ocrx_word' id='word_1_233' title='bbox 1492 3296 1538 3384; x_wconf 83' lang='lat' dir='ltr'><strong>dc</strong></span> <span class='ocrx_word' id='word_1_234' title='bbox 1564 3293 1686 3497; x_wconf 62' lang='lat' dir='ltr'><strong>¹iflo&#39;c</strong></span> <span class='ocrx_word' id='word_1_235' title='bbox 1704 3289 1866 3420; x_wconf 61' lang='lat' dir='ltr'><strong>¹³51an·</strong></span> 
     </span>
     <span class='ocr_line' id='line_1_28' title="bbox 246 3405 1846 3509; baseline 0.005 -18"><span class='ocrx_word' id='word_1_236' title='bbox 246 3424 334 3505; x_wconf 88' lang='lat' dir='ltr'><strong>tes,</strong></span> <span class='ocrx_word' id='word_1_237' title='bbox 370 3408 526 3493; x_wconf 80' lang='lat' dir='ltr'><strong>Veneta</strong></span> <span class='ocrx_word' id='word_1_238' title='bbox 554 3409 637 3497; x_wconf 87' lang='lat' dir='ltr'><strong>five</strong></span> <span class='ocrx_word' id='word_1_239' title='bbox 665 3410 832 3495; x_wconf 88' lang='lat' dir='ltr'><strong>marino</strong></span> <span class='ocrx_word' id='word_1_240' title='bbox 856 3408 1006 3495; x_wconf 90' lang='lat' dir='ltr'><strong>colore</strong></span> <span class='ocrx_word' id='word_1_241' title='bbox 1030 3408 1270 3509; x_wconf 83' lang='lat' dir='ltr'><strong>inficiendi,</strong></span> <span class='ocrx_word' id='word_1_242' title='bbox 1304 3434 1360 3496; x_wconf 88' lang='lat' dir='ltr'><strong>ne</strong></span> <span class='ocrx_word' id='word_1_243' title='bbox 1388 3428 1480 3497; x_wconf 86' lang='lat' dir='ltr'><strong>tam</strong></span> <span class='ocrx_word' id='word_1_244' title='bbox 1495 3405 1578 3497; x_wconf 86' lang='lat' dir='ltr'><strong>fac‘</strong></span> <span class='ocrx_word' id='word_1_245' title='bbox 1594 3424 1631 3498; x_wconf 82' lang='lat' dir='ltr'><strong>e·</strong></span> <span class='ocrx_word' id='word_1_246' title='bbox 1841 3451 1846 3462; x_wconf 94' lang='lat'>·</span> 
     </span>
     <span class='ocr_line' id='line_1_29' title="bbox 246 3513 1825 3637; baseline 0.006 -34"><span class='ocrx_word' id='word_1_247' title='bbox 246 3540 416 3621; x_wconf 84' lang='lat' dir='ltr'><strong>rentur,</strong></span> <span class='ocrx_word' id='word_1_248' title='bbox 435 3518 1201 3623; x_wconf 77' lang='lat' dir='ltr'><strong>cosaVenetisvenilse,Britanaiae,</strong></span> <span class='ocrx_word' id='word_1_249' title='bbox 1229 3521 1672 3637; x_wconf 76' lang='lat' dir='ltr'><strong>circoVarinasgettie.</strong></span> <span class='ocrx_word' id='word_1_250' title='bbox 1719 3513 1726 3540; x_wconf 75' lang='lat'><em>‘</em></span> <span class='ocrx_word' id='word_1_251' title='bbox 1822 3569 1860 3620; x_wconf 71' lang='lat'><strong>,···</strong></span> 
     </span>
     <span class='ocr_line' id='line_1_30' title="bbox 245 3631 1824 3750; baseline 0.006 -33"><span class='ocrx_word' id='word_1_252' title='bbox 245 3633 503 3741; x_wconf 77' lang='lat' dir='ltr'><strong>rigationem</strong></span> <span class='ocrx_word' id='word_1_253' title='bbox 532 3640 760 3735; x_wconf 77' lang='lat' dir='ltr'><strong>Romanas,</strong></span> <span class='ocrx_word' id='word_1_254' title='bbox 784 3632 965 3750; x_wconf 72' lang='lat' dir='ltr'><strong>spedata,</strong></span> <span class='ocrx_word' id='word_1_255' title='bbox 989 3631 1247 3748; x_wconf 84' lang='lat' dir='ltr'><strong>potissimum</strong></span> <span class='ocrx_word' id='word_1_256' title='bbox 1275 3631 1426 3723; x_wconf 88' lang='lat' dir='ltr'><strong>bellica</strong></span> <span class='ocrx_word' id='word_1_257' title='bbox 1451 3659 1528 3735; x_wconf 80' lang='lat' dir='ltr'><strong>re,</strong></span> <span class='ocrx_word' id='word_1_258' title='bbox 1561 3631 1824 3748; x_wconf 73' lang='lat' dir='ltr'><strong>excoluili&#39;c,</strong></span> 
     </span>
     <span class='ocr_line' id='line_1_31' title="bbox 246 3743 1827 3863; baseline 0.006 -34"><span class='ocrx_word' id='word_1_259' title='bbox 246 3764 336 3829; x_wconf 88' lang='lat' dir='ltr'><strong>tota</strong></span> <span class='ocrx_word' id='word_1_260' title='bbox 355 3768 504 3832; x_wconf 89' lang='lat' dir='ltr'><strong>eorum</strong></span> <span class='ocrx_word' id='word_1_261' title='bbox 522 3746 690 3833; x_wconf 84' lang='lat' dir='ltr'><strong>historia</strong></span> <span class='ocrx_word' id='word_1_262' title='bbox 743 3743 1010 3835; x_wconf 80' lang='lat' dir='ltr'><strong>demonstrat.</strong></span> <span class='ocrx_word' id='word_1_263' title='bbox 1068 3748 1281 3833; x_wconf 71' lang='lat' dir='ltr'><strong>Vitiariaa</strong></span> <span class='ocrx_word' id='word_1_264' title='bbox 1298 3746 1463 3861; x_wconf 89' lang='lat' dir='ltr'><strong>fignum-</strong></span> <span class='ocrx_word' id='word_1_265' title='bbox 1487 3749 1531 3835; x_wconf 94' lang='lat' dir='ltr'><strong>in</strong></span> <span class='ocrx_word' id='word_1_266' title='bbox 1619 3751 1693 3863; x_wconf 73' lang='lat' dir='ltr'><strong>iae</strong></span> <span class='ocrx_word' id='word_1_267' title='bbox 1713 3773 1827 3863; x_wconf 54' lang='lat' dir='ltr'><strong>por·-⁵</strong></span> 
     </span>
     <span class='ocr_line' id='line_1_32' title="bbox 247 3854 1839 4056; baseline 0.009 -117"><span class='ocrx_word' id='word_1_268' title='bbox 247 3874 294 3941; x_wconf 90' lang='lat' dir='ltr'><strong>tu</strong></span> <span class='ocrx_word' id='word_1_269' title='bbox 313 3854 517 3970; x_wconf 79' lang='lat' dir='ltr'><strong>politum,</strong></span> <span class='ocrx_word' id='word_1_270' title='bbox 547 3857 591 3943; x_wconf 84' lang='lat' dir='ltr'><strong>dt</strong></span> <span class='ocrx_word' id='word_1_271' title='bbox 620 3856 783 3944; x_wconf 79' lang='lat' dir='ltr'><strong>Marcii</strong></span> <span class='ocrx_word' id='word_1_272' title='bbox 813 3859 1025 4056; x_wconf 57' lang='lat' dir='ltr'><strong>Caeriti</strong></span> <span class='ocrx_word' id='word_1_273' title='bbox 1050 3858 1107 3945; x_wconf 89' lang='lat' dir='ltr'><strong>A.</strong></span> <span class='ocrx_word' id='word_1_274' title='bbox 1136 3856 1193 3949; x_wconf 93' lang='lat' dir='ltr'><strong>V.</strong></span> <span class='ocrx_word' id='word_1_275' title='bbox 1221 3857 1275 3949; x_wconf 93' lang='lat' dir='ltr'><strong>C.</strong></span> <span class='ocrx_word' id='word_1_276' title='bbox 1305 3868 1401 3966; x_wconf 82' lang='lat'><strong>630.</strong></span> <span class='ocrx_word' id='word_1_277' title='bbox 1428 3886 1529 3975; x_wconf 89' lang='lat' dir='ltr'><strong>perc</strong></span> <span class='ocrx_word' id='word_1_278' title='bbox 1626 3866 1839 3982; x_wconf 45' lang='lat' dir='ltr'><strong>nummis,</strong></span> 
     </span>
     <span class='ocr_line' id='line_1_33' title="bbox 244 3968 1865 4085; baseline 0.008 -32"><span class='ocrx_word' id='word_1_279' title='bbox 244 3993 371 4056; x_wconf 88' lang='lat' dir='ltr'><strong>naves</strong></span> <span class='ocrx_word' id='word_1_280' title='bbox 400 3968 502 4056; x_wconf 84' lang='lat' dir='ltr'><strong>duas</strong></span> <span class='ocrx_word' id='word_1_281' title='bbox 530 3995 629 4057; x_wconf 91' lang='lat' dir='ltr'><strong>curn</strong></span> <span class='ocrx_word' id='word_1_282' title='bbox 650 3972 840 4057; x_wconf 63' lang='lat' dir='ltr'><strong>Vilioria</strong></span> <span class='ocrx_word' id='word_1_283' title='bbox 866 3998 888 4057; x_wconf 90' lang='lat' dir='ltr'><strong>a</strong></span> <span class='ocrx_word' id='word_1_284' title='bbox 935 3996 1021 4059; x_wconf 84' lang='lat' dir='ltr'><strong>una</strong></span> <span class='ocrx_word' id='word_1_285' title='bbox 1046 3969 1154 4061; x_wconf 89' lang='lat' dir='ltr'><strong>facie</strong></span> <span class='ocrx_word' id='word_1_286' title='bbox 1183 3971 1439 4074; x_wconf 87' lang='lat' dir='ltr'><strong>referentes,</strong></span> <span class='ocrx_word' id='word_1_287' title='bbox 1475 3971 1668 4085; x_wconf 78' lang='lat' dir='ltr'><strong>ejtudem·</strong></span> <span class='ocrx_word' id='word_1_288' title='bbox 1691 3973 1865 4082; x_wconf 76' lang='lat' dir='ltr'><strong>lucu-“···</strong></span> 
     </span>
    </p>
   </div>
   <div class='ocr_carea' id='block_1_9' title="bbox 244 4077 1833 4187">
    <p class='ocr_par' dir='ltr' id='par_1_11' title="bbox 244 4077 1833 4187">
     <span class='ocr_line' id='line_1_34' title="bbox 244 4077 1833 4187; baseline 0.011 -23"><span class='ocrx_word' id='word_1_289' title='bbox 244 4077 605 4171; x_wconf 84' lang='lat' dir='ltr'><strong>lentatestimonia</strong></span> <span class='ocrx_word' id='word_1_290' title='bbox 622 4084 730 4173; x_wconf 90' lang='lat' dir='ltr'><strong>sunt.</strong></span> <span class='ocrx_word' id='word_1_291' title='bbox 786 4084 989 4187; x_wconf 87' lang='lat' dir='ltr'><strong>Nummi,</strong></span> <span class='ocrx_word' id='word_1_292' title='bbox 1014 4083 1234 4175; x_wconf 84' lang='lat' dir='ltr'><strong>occalione</strong></span> <span class='ocrx_word' id='word_1_293' title='bbox 1251 4079 1833 4180; x_wconf 62' lang='lat' dir='ltr'><strong>frumentariocrnill&#39;eeelan*¹</strong></span> 
     </span>
    </p>
   </div>
   <div class='ocr_carea' id='block_1_10' title="bbox 61 4192 1818 4312">
    <p class='ocr_par' dir='ltr' id='par_1_12' title="bbox 61 4192 1818 4312">
     <span class='ocr_line' id='line_1_35' title="bbox 61 4192 1818 4312; baseline 0.01 -31"><span class='ocrx_word' id='word_1_294' title='bbox 61 4276 63 4281; x_wconf 79' lang='grc'>,</span> <span class='ocrx_word' id='word_1_295' title='bbox 245 4192 296 4280; x_wconf 88' lang='lat' dir='ltr'><strong>lis</strong></span> <span class='ocrx_word' id='word_1_296' title='bbox 313 4195 520 4305; x_wconf 81' lang='lat' dir='ltr'><strong>perculit,</strong></span> <span class='ocrx_word' id='word_1_297' title='bbox 547 4198 718 4286; x_wconf 92' lang='lat' dir='ltr'><strong>titulum</strong></span> <span class='ocrx_word' id='word_1_298' title='bbox 736 4194 795 4283; x_wconf 78' lang='lat' dir='ltr'><strong>ad</strong></span> <span class='ocrx_word' id='word_1_299' title='bbox 808 4198 1062 4285; x_wconf 74' lang='lat' dir='ltr'><strong>animandum</strong></span> <span class='ocrx_word' id='word_1_300' title='bbox 1089 4200 1359 4289; x_wconf 64' lang='lat' dir='ltr'><strong>emmam</strong></span> <span class='ocrx_word' id='word_1_301' title='bbox 1387 4199 1432 4290; x_wconf 86' lang='lat' dir='ltr'><strong>S.</strong></span> <span class='ocrx_word' id='word_1_302' title='bbox 1452 4199 1522 4301; x_wconf 90' lang='lat' dir='ltr'><strong>C.,</strong></span> <span class='ocrx_word' id='word_1_303' title='bbox 1549 4202 1594 4289; x_wconf 90' lang='lat'>&amp;</span> <span class='ocrx_word' id='word_1_304' title='bbox 1611 4198 1687 4289; x_wconf 86' lang='lat' dir='ltr'><strong>sub</strong></span> <span class='ocrx_word' id='word_1_305' title='bbox 1707 4203 1818 4312; x_wconf 79' lang='lat' dir='ltr'><strong>Cae.-</strong></span> 
     </span>
    </p>
   </div>
   <div class='ocr_carea' id='block_1_11' title="bbox 236 4304 1821 4650">
    <p class='ocr_par' dir='ltr' id='par_1_13' title="bbox 236 4304 1821 4650">
     <span class='ocr_line' id='line_1_36' title="bbox 236 4304 1815 4523; baseline 0.008 -132"><span class='ocrx_word' id='word_1_306' title='bbox 236 4304 410 4417; x_wconf 77' lang='lat' dir='ltr'><strong>faribus</strong></span> <span class='ocrx_word' id='word_1_307' title='bbox 435 4308 568 4415; x_wconf 89' lang='lat' dir='ltr'><strong>hunc,</strong></span> <span class='ocrx_word' id='word_1_308' title='bbox 601 4313 781 4404; x_wconf 79' lang='lat' dir='ltr'><strong>Annona</strong></span> <span class='ocrx_word' id='word_1_309' title='bbox 809 4311 919 4425; x_wconf 88' lang='lat' dir='ltr'><strong>Aug.</strong></span> <span class='ocrx_word' id='word_1_310' title='bbox 943 4312 1071 4401; x_wconf 76' lang='lat' dir='ltr'><strong>Ceras</strong></span> <span class='ocrx_word' id='word_1_311' title='bbox 1099 4314 1210 4428; x_wconf 80' lang='lat' dir='ltr'><strong>Aag.</strong></span> <span class='ocrx_word' id='word_1_312' title='bbox 1228 4310 1477 4428; x_wconf 86' lang='lat' dir='ltr'><strong>inscriptum.</strong></span> <span class='ocrx_word' id='word_1_313' title='bbox 1491 4311 1815 4523; x_wconf 41' lang='lat' dir='ltr'><strong>bebebttntiq·hil</strong></span> 
     </span>
     <span class='ocr_line' id='line_1_37' title="bbox 282 4460 1821 4650; baseline 0.009 -25"><span class='ocrx_word' id='word_1_314' title='bbox 282 4560 423 4635; x_wconf 70' lang='lat' dir='ltr'><strong>:Plinius</strong></span> <span class='ocrx_word' id='word_1_315' title='bbox 434 4564 487 4633; x_wconf 83' lang='lat' dir='ltr'><strong>lib.</strong></span> <span class='ocrx_word' id='word_1_316' title='bbox 499 4574 622 4645; x_wconf 65' lang='lat' dir='ltr'><strong>noan,</strong></span> <span class='ocrx_word' id='word_1_317' title='bbox 641 4499 932 4645; x_wconf 63' lang='lat' dir='ltr'><strong>dilinimento</strong></span> <span class='ocrx_word' id='word_1_318' title='bbox 960 4566 1449 4650; x_wconf 67' lang='lat' dir='ltr'><strong>tiegetlutderenllltatiltbtsae.</strong></span> <span class='ocrx_word' id='word_1_319' title='bbox 1464 4582 1492 4648; x_wconf 75' lang='grc'><strong>7.</strong></span> <span class='ocrx_word' id='word_1_320' title='bbox 1510 4568 1706 4642; x_wconf 78' lang='lat' dir='ltr'><strong>ulierodotut</strong></span> <span class='ocrx_word' id='word_1_321' title='bbox 1717 4460 1770 4638; x_wconf 76' lang='lat' dir='ltr'><strong>lib.</strong></span> <span class='ocrx_word' id='word_1_322' title='bbox 1778 4590 1821 4639; x_wconf 78' lang='lat' dir='ltr'><strong>a..</strong></span> 
     </span>
    </p>
   </div>
   <div class='ocr_carea' id='block_1_12' title="bbox 0 0 2076 5646">
    <p class='ocr_par' dir='ltr' id='par_1_14' title="bbox 0 0 2076 5646">
     <span class='ocr_line' id='line_1_38' title="bbox 0 0 2076 5646; baseline 0 0"><span class='ocrx_word' id='word_1_323' title='bbox 0 0 2076 5646; x_wconf 95' lang='lat' dir='ltr'><strong> </strong></span> 
     </span>
    </p>
   </div>
  </div>
 </body>
</html>
