4140 5646
456 262 972 365 ntnsunnnun
1016 264 1114 359 rr
1156 266 1575 363 ronntnuu.
1659 265 1662 271 ·
1727 284 1808 391 ny

240 482 423 582 mum,
450 482 622 571 audiere
649 482 843 571 Cicerone
861 496 916 579 ἢ.
976 476 1197 589 AEfedines
1220 502 1373 571 eontra
1400 483 1517 593 Ctesi
1535 484 1702 573 honrem
1722 490 1807 589 ait,

243 596 481 687 drachmam
498 599 543 683 in
561 593 747 687 mensem
771 590 1037 705 Demostheni
1056 597 1258 683 Oritanos
1276 593 1456 697 dediffe,
1515 624 1623 686 onec
1650 598 1809 689 sortem

242 707 502 806 retuiiffenti
534 706 636 797 haec
665 708 786 793 usura
812 704 984 805 inarari,
1002 706 1085 796 ¹seu
1111 709 1323 818 centestma
1352 712 1505 819 neseera,
1532 710 1642 799 dista
1671 712 1753 811 est,
1784 742 1806 797 t

245 826 300 913 de
319 841 494 910 centnm.
552 818 609 908 Et
636 822 838 934 quoniam
857 820 1076 931 [ntegrum
1094 821 1274 935 quodvis
1284 823 1498 931 affirmat,
1526 831 1810 941 effes'quoque

246 942 396 1047 nfierae
435 932 535 1019 diui
563 934 681 1028 sunt;
712 934 771 1017 ita
797 952 844 1018 ut
873 938 974 1036 effes
1003 938 1152 1042 nseeree
1172 936 1215 1021 dt
1246 934 1481 1045 centefin'tae
1499 942 1651 1045 nseeree
1677 966 1809 1023 unum

243 1051 445 1163 idemque
465 1046 554 1131 smt.
613 1044 814 1159 Reliquas
831 1044 884 1133 ad
903 1044 1005 1153 asfis
1023 1066 1159 1159 partes
1178 1050 1428 1161 compotitas
1455 1046 1602 1135 usurae
1628 1047 1813 1135 subdivi-

246 1162 383 1249 siones
414 1161 457 1247 in
476 1156 626 1247 tabulis'
650 1158 806 1247 videas.
863 1156 1029 1245 Foebus·
1050 1162 1280 1247 unciarinm
1299 1160 1344 1245 de
1356 1162 1691 1270 semiunciarinm
1719 1188 1815 1271 gra·

247 1302 302 1361 ve
322 1273 453 1357 Livio
471 1270 639 1359 videtur
659 1272 702 1357 u
721 1268 763 1357 t
757 1273 888 1369 acite,
904 1288 1036 1385 quum
1054 1292 1218 1373 tamen,
1230 1316 1233 1321 ·
1247 1291 1453 1389 computo
1462 1272 1516 1363 ad
1524 1276 1731 1360 rationem
1749 1278 1814 1383 aſs·

236 1386 303 1497 fis
320 1386 534 1484 instituto,
562 1390 713 1495 nsnrae
740 1384 848 1492 effis-
864 1410 965 1495 pars..
986 1384 1149 1473 nonnisi
1175 1398 1308 1489 ³'eruut
1335 1387 1441 1492 ³¹11ss
1469 1386 1654 1473 mensem
1672 1386 1744 1488 fit,
1771 1417 1815 1475 a·

249 1500 421 1613 deoque
441 1498 515 1583 niti
538 1520 640 1584 1aut
660 1512 673 1595 ξ
693 1498 741 1581 de
759 1496 1318 1587 cantaminannumfaceret.
1365 1498 1546 1615 Lexque
1554 1526 1634 1589 111
1657 1500 1817 1587 tabula-

250 1638 347 1703 rum
375 1609 576 1711 cavebat,
612 1640 664 1695 ne
699 1612 794 1723 quis
823 1612 1008 1695 unciario
1026 1615 1199 1721 foenore
1226 1612 1405 1725 amplias
1430 1631 1675 1699 exerceret:
1710 1612 1815 1699 haec

253 1726 382 1813 verba
410 1723 541 1821 refert
573 1720 759 1809 Tacitus.
816 1720 1046 1815 Enimvero
1068 1721 1174 1809 hane
1194 1722 1502 1837 expreffionem
1519 1752 1608 1811 non
1621 1724 1692 1810 ad
1717 1728 1820 1809 nien·

252 1842 403 1953 legiam
422 1838 466 1941 in
484 1834 634 1922 tabulis
652 1834 914 1921 observatam
923 1832 1142 2032 poffumus·
1160 1838 1448 1951 interpretati,
1477 1840 1638 1953 quippe'
1653 1834 1705 1923 ab
1725 1862 1822 1923 om-

254 1958 300 2037 ni
318 1950 484 2063 reliquo
493 1948 695 2037 sermonis·
714 1946 857 2035 habitu
876 1945 928 2032 ab
959 1970 1200 2045 orrentema
1230 1974 1365 2063 eaque
1383 1950 1634 2061 centesimam
1652 1953 1823 2056 nsterann
1846 2029 1852 2041 ,

256 2064 461 2174 defignari
479 2060 696 2147 indubium
716 2060 788 2149 est.
844 2058 971 2145 Unde
991 2082 1132 2147 autem
1151 2061 1254 2147 haec
1265 2062 1435 2149 dicendi
1444 2066 1553 2150 ratio
1561 2062 1729 2149 duobus
1740 2060 1821 2146 his·

254 2205 306 2268 ee
325 2174 608 2287 scriptoribus
627 2174 813 2270 venerit,
842 2174 1050 2285 explicare
1079 2200 1167 2263 nou
1194 2173 1329 2261 valeo.
1413 2172 1595 2285 Uneiam
1623 2172 1822 2263 videntur

258 2290 344 2401 esst
355 2308 425 2373 aut
445 2292 606 2401 integro
634 2280 890 2372 substituisse.
1000 2356 1006 2367 .

313 2402 528 2490 Summam
554 2399 719 2487 usuram
738 2395 987 2495 exercebat,
1015 2400 1091 2511 qui
1107 2398 1319 2507 eentefime
1337 2396 1655 2499 foenerabantur,
1682 2424 1823 2515 neque

259 2516 440 2627 graviori
459 2512 668 2600 foenerari
684 2538 758 2623 per
785 2512 900 2621 leges
926 2508 1105 2607 herbata
1134 2510 1321 2627 sortique
1348 2507 1826 2624 detrahebatur‚.quan-

259 2650 350 2718 tum
370 2626 478 2715 ultra
496 2650 589 2709 eam
608 2623 789 2709 solutum
809 2622 922 2711 effet.
999 2620 1231 2710 Enimvero
1250 2620 1570 2737 quibuscunque
1599 2621 1829 2735 legibus'u-

257 2740 362 2829 suris
383 2738 558 2823 modum
578 2734 906 2831 constituebant,
933 2734 977 2816 id
988 2734 1341 2845 Rimae'contigit
1360 2734 1476 2847 quod
1495 2734 1675 2849 ubique,
1703 2736 1829 2823 usura¹

257 2853 500 2961 legitimum
517 2845 692 2932 modum
720 2868 791 2931 aut
817 2844 1057 2955 superabat,
1094 2866 1165 2934 aut
1192 2844 1364 2933 inferius
1392 2844 1661 2945 consistebat,
1697 2866 1828 2961 prout

256 2966 324 3051 rei
343 2961 598 3045 nummariae
617 2980 689 3043 aut
708 2958 829 3069 copia
848 2976 920 3041 aut
950 2960 1094 3044 raritas
1113 2978 1215 3045 erat.
1269 2956 1388 3043 Hinc
1408 2956 1564 3045 fastum
1583 2958 1666 3059 est,
1694 2981 1742 3045 ut
1756 2963 1830 3071 fe·

259 3078 393 3181 niffen
417 3076 588 3179 usurae,
616 3096 699 3183 qua
725 3068 1022 3155 seminummus
1051 3070 1095 3153 in
1125 3068 1335 3170 mensem,
1361 3090 1433 3155 aut
1456 3076 1488 3153 ·6
1516 3070 1562 3155 in
1588 3096 1745 3159 annum
1767 3070 1829 3161 dn

262 3185 451 3275 centenis
470 3180 752 3279 ducebantur3
783 3180 929 3263 Plinio
947 3182 1098 3263 civiles
1127 3180 1170 3269 fii
1201 3182 1376 3267 modicae
1404 3180 1564 3281 distre,
1593 3184 1831 3273 ordinariae

263 3298 491 3389 evaderent
510 3316 637 3407 atque
665 3290 963 3403 vulgatiffimae
989 3290 1158 3378 usurae:
1189 3299 1291 3397 effm
1308 3294 1421 3379 enim
1440 3298 1590 3401 nsterne
1607 3296 1832 3407 sanguinea

264 3412 368 3499 lenti
387 3410 591 3521 reputati,
619 3432 870 3517 magnasque
889 3405 999 3489 inter
1018 3406 1219 3516 populum
1241 3405 1382 3492 turbas
1401 3408 1645 3492 cieverunt:
1675 3434 1830 3493 verun-

265 3546 428 3621 tamen,
466 3530 541 3635 qui
566 3524 616 3605 iis
645 3520 864 3632 pecuniam
893 3514 1133 3625 elocabaut,
1162 3514 1265 3601 nulli
1291 3518 1377 3625 legi
1404 3517 1578 3603 obnoxii
1606 3517 1832 3607 censeban-

265 3661 357 3728 tur:
389 3638 432 3723 &
453 3632 594 3745 cupidi
614 3630 786 3746 quidam
804 3628 975 3715 usurarii
994 3624 1137 3727 fuere,
1166 3630 1241 3743 qui
1259 3626 1412 3743 duplo,
1441 3629 1595 3743 triplo,
1623 3632 1711 3717 imo
1730 3660 1833 3749 qua.-

263 3750 345 3839 dru
373 3750 418 3834 lo
437 3746 716 3831 foenerarent.
1543 3754 1567 3771 ’·
1658 3816 1661 3821 .
1747 3758 1750 3763 ·

274 3932 279 3941 .
315 3936 321 3945 .
358 3858 746 3979 esqaicent'efimam‚
772 3882 856 3969 qua
865 3856 1196 4053 sespninammns
1210 3854 1266 3943 de
1285 3858 1470 3941 centenis
1486 3854 1747 3958 inmanem,
1761 3858 1835 3947 set't

272 3978 321 4065 18
343 3978 387 4061 in
414 3998 570 4059 annum
598 3970 911 4083 pendebantur,
969 3972 1150 4056 amnavit
1179 3969 1410 4055 concilium
1428 3970 1645 4055 Niceneem.
1703 3972 1835 4083 Apud

268 4090 546 4197 Athenienses
564 4080 583 4141 d
603 4084 763 4170 nonnisi
789 4084 831 4165 iu
857 4080 952 4167 casu
980 4080 1222 4194 repudiatae
1250 4082 1393 4168 uxoris
1411 4102 1546 4169 taxata
1565 4081 1671 4183 fuit,
1700 4112 1787 4199 quo
1808 4118 1833 4195 9

268 4200 421 4289 obolos
439 4201 610 4287 maritus
628 4198 671 4281 in
682 4194 866 4282 mensem
884 4192 1133 4308 pensitabat,
1160 4192 1300 4281 donec
1317 4192 1833 4311 sortemrepraesentaffet:

268 4340 428 4405 novem
445 4314 548 4399 oboli
564 4308 798 4397 drachmam
816 4306 975 4396 faciunt
995 4332 1095 4395 cum
1114 4306 1301 4397 dimidia.
1724 4422 1775 4513 C·

1759 4449 1838 4509 ece·

306 4532 435 4636 eLibrb
449 4586 466 4647 3
480 4568 569 4649 Epist.
583 4571 636 4634 ult.
684 4528 689 4537 Ι
737 4518 740 4523 ¹
773 4530 799 4629 'd
816 4558 1229 4728 Duoffituesmeiengeen
1357 4536 1360 4541 Ι

1189 4668 1214 4725 ²
1241 4670 1269 4725 2
