4140 5646
250 336 336 413 244
484 296 798 390 TABULAE
828 290 1065 406 ANTIQ.
1099 287 1594 383 NUMISMATUM

252 515 429 629 phantos
461 540 565 616 300,
594 536 719 597 naves
747 509 891 617 longas
923 538 1026 614 500,
1055 505 1216 600 minora
1241 502 1402 615 navigia
1437 535 1578 608 2000,
1603 508 1647 596 δι
1668 509 1820 599 Thela-

253 656 385 741 megos
404 623 572 736 majoris
592 622 752 710 formae
774 625 868 707 800.
897 618 1086 706 habebat.
1338 715 1341 721 ,
1490 707 1493 713 ,
1874 620 1878 626 ’

310 741 493 826 Modum
512 735 720 848 regendae
738 732 825 846 AEg
822 736 923 845 ypsi
931 732 1093 845 semper
1104 731 1390 845 interimperii
1399 731 1561 820 summa
1570 761 1717 826 areana
1728 735 1822 828 Aa·

248 856 389 972 gastus
406 851 567 967 posuit;
599 845 737 960 neque
755 871 943 959 unquam
964 846 1177 943 Senatori,
1206 843 1278 929 sed
1287 846 1452 959 semper
1472 847 1675 982 equestris
1705 853 1824 942 ordi-

252 973 316 1055 nis
337 969 429 1052 viro
448 991 496 1049 ea
524 960 740 1076 provincia
758 956 1007 1045 demandata
1027 955 1108 1057 est,
1138 958 1212 1074 qui
1230 960 1366 1045 minus
1386 960 1601 1048 ambirrosa
1630 964 1823 1068 confilia,

251 1107 377 1198 quam
396 1079 638 1174 Senatores,
657 1073 815 1186 agitare
833 1070 1125 1158 credebantur.
1186 1072 1479 1172 Germanicus,
1510 1076 1626 1189 quod
1645 1081 1838 1168 nonim-'

253 1191 552 1391 petfftaspriuff
571 1187 693 1275 venia
711 1184 754 1272 in
773 1181 859 1299 AEg
857 1201 1007 1301 ypram
1025 1182 1067 1272 se
1087 1179 1347 1289 contuliffer,
1375 1186 1519 1275 severe
1536 1214 1561 1275 a
1579 1179 1821 1280 Tiberiane·

280 1336 324 1394 re
356 1331 408 1391 en
427 1330 517 1389 use
554 1368 564 1387 .
660 1371 664 1380 .
895 1356 902 1369 ·
1725 1339 1732 1358 ·

248 1335 278 1422 P
308 1413 574 1534 QriodadAE
598 1418 698 1531 ypri
716 1411 950 1523 vectigalia,
971 1410 1033 1497 his
1044 1410 1347 1500 recentioribus
1367 1417 1626 1527 temporibus
1646 1415 1829 1526 attinet,v

253 1534 519 1632 Emalcr'nus,
559 1445 854 1615 §arcesserem
882 1524 1074 1611 historiae
1104 1526 1271 1625 audior,
1309 1525 1476 1621 scribit,
1511 1529 1692 1618 calisam
1710 1560 1828 1622 anno

251 1634 543 1756 Domini898,
575 1666 726 1728 annuas
750 1668 842 1740 300.
870 1667 1038 1724 200000
1057 1659 1357 1726 coronatorum
1378 1666 1599 1729 aureorum
1618 1643 1820 1738 refeciffe.

310 1758 569 1874 AEgypriaca
595 1756 847 1842 commercia
867 1750 1229 1865 labente-imperio
1248 1753 1430 1838 Romano
1459 1755 1501 1840 dt
1522 1754 1607 1868 ipsa
1637 1757 1840 1848 collabo'

251 1872 358 1959 sada
386 1876 503 1971 sunt,
540 1897 641 1956 mox
667 1866 742 1953 sub
768 1865 1060 1949 Mammelucis
1085 1869 1128 1949 in
1158 1860 1274 1975 pejus
1304 1888 1500 1966 ruerunt,
1529 1870 1602 1984 qui
1630 1867 1819 1962 indolem

254 1987 297 2071 &
317 1989 427 2071 vitae
446 1987 653 2069 rationem
681 1997 940 2065 mercaturae
959 1975 1278 2064 inimiciffimam
1297 1974 1599 2092 sequebantur;
1630 1983 1821 2074 tandem·

250 2126 334 2211 que
357 2096 647 2205 Lnfitanoram
667 2095 710 2178 in
730 2091 893 2175 Indiam
911 2089 1819 2214 navigationibus,circumvectaBonae'jpei

250 2212 545 2325 promontorio
566 2206 797 2320 credisque
816 2203 874 2288 ibi
893 2205 1113 2315 emporiis,
1142 2206 1309 2315 penitus
1340 2199 1643 2296 conciderunt:
1691 2213 1832 2338 Mugss¹

248 2354 301 2407 aro
321 2348 366 2410 ut
386 2344 539 2409 vocant
560 2322 706 2418 Cairo,
735 2316 894 2431 quode
914 2317 1067 2401 veteris
1087 2313 1298 2422 Memphis
1315 2318 1467 2417 ruiniS,
1496 2343 1608 2407 anno
1639 2322 1825 2416 Domini:

253 2469 334 2546 795
364 2439 592 2524 excitatum
622 2430 703 2530 cst,
740 2428 858 2539 hujus
897 2427 1143 2513 commercii
1172 2430 1345 2516 interitu
1373 2431 1600 2543 plurimum
1629 2432 1835 2544 deeeffir⁰⁴¹

249 2552 564 2637 linteaminum
593 2542 652 2629 ibi
680 2570 734 2629 ex
754 2543 1016 2655 aliquaparte
1026 2538 1313 2630 remanserunt
1324 2546 1601 2647 commercia,
1629 2547 1684 2638 ad
1703 2547 1825 2656 hune

250 2664 361 2751 diem
380 2663 600 2750 celebrata.
1690 2683 1693 2690 ·
1770 2667 1774 2686 '
1818 2691 1821 2700 ·

307 2776 485 2865 Veteres
514 2773 694 2869 Thebas,
721 2770 1038 2887 Hecatompylas
1066 2800 1089 2857 a
1122 2792 1296 2858 centum
1313 2775 1445 2886 portis
1466 2772 1617 2877 didas,
1648 2775 1823 2894 Camby-

243 2900 314 3002 fes
342 2890 429 2975 solo
458 2890 728 3001 exaequavit,
756 2912 893 3000 neque
921 2885 1056 2970 adhuc
1093 2884 1312 2970 Strabonis
1339 2909 1531 2999 tempore
1562 2891 1744 2982 multum
1763 2896 1821 2984 ad

251 3002 481 3088 vastitatem
499 3004 547 3085 iis
566 2999 680 3084 locis.
698 2999 854 3083 deerat.
939 3000 1038 3084 Non
1063 2996 1196 3083 solum
1217 3024 1319 3085 vero
1347 2998 1556 3116 AEgypti,
1581 3004 1659 3091 sed
1673 3013 1822 3097 ornoia
1865 3025 1877 3062 '-

187 3186 190 3191 .
250 3118 380 3200 torius
399 3133 603 3199 terrarum
632 3109 744 3194 orbis
773 3110 962 3220 emporia
980 3130 1215 3195 mercatura
1244 3112 1287 3197 δι
1308 3110 1463 3199 divitiis
1482 3118 1656 3206 anteivit
1674 3121 1816 3208 Aeas

249 3230 412 3315 andria.
495 3222 657 3309 Urbem
685 3222 895 3335 Josephus
914 3235 933 3296 r
951 3220 1180 3308 admodum
1210 3226 1513 3335 magnificavit,
1553 3231 1813 3326 Romanii

248 3337 536 3453 magnitudine
556 3334 794 3422 concedere
822 3335 1052 3423 adfirmans.
1138 3333 1316 3422 Urbium
1346 3340 1568 3452 praecipua
1594 3344 1810 3436 Aminea
1858 3415 1862 3422 .

247 3458 500 3545 Marcellino
521 3466 538 3509 ²
566 3448 707 3537 audit.'
781 3450 949 3534 Romam
978 3450 1174 3561 plurimas
1194 3451 1392 3564 pretiosas
1412 3479 1574 3539 merces
1592 3460 1810 3566 mittebat,
1833 3475 1838 3486 '

246 3593 294 3653 ut
314 3570 448 3653 omnis
468 3568 631 3676 generis
654 3560 920 3662 vestimenta,
949 3561 1081 3647 lintea
1106 3564 1317 3675 inprimis,
1346 3587 1554 3665 aromata,
1580 3561 1820 3683 papyrum,

245 3685 421 3776 vitrum,
448 3680 602 3773 linum,
641 3676 684 3759 δι
705 3674 859 3759 vestem
877 3673 1115 3785 pretiosam.
1175 3672 1233 3760 Ut
1253 3677 1400 3762 multas
1429 3703 1591 3766 merces
1610 3706 1811 3798 exporta-

109 3800 113 3807 '
243 3800 338 3893 bat,
365 3796 422 3877 ira
443 3788 485 3873 dr
504 3816 557 3873 ex
578 3788 809 3898 Europaeis
827 3788 1506 3901 emporiisnonnullasaccipiebat,
1534 3795 1679 3897 euris,
1738 3829 1822 3892 uas.

245 3910 301 3996 ob
321 3906 488 3990 nimiam
506 3898 582 3985 soli
602 3896 900 4009 pinguedinem
920 3900 962 3983 &
984 3902 1229 4009 gravitatem
1248 3900 1468 4017 AEgyptas
1486 3932 1572 3992 non
1591 3827 1807 4020 gigneiar,

242 4046 287 4108 ur
308 4017 493 4111 metalla,
523 4013 659 4121 ligna,
688 4014 824 4121 picem
845 4012 887 4096 dc
917 4013 1137 4097 nonnullos
1165 4037 1300 4099 terrae
1328 4014 1496 4104 fredus.
1585 4018 1669 4108 His
1685 4043 1807 4118 com.

240 4131 407 4220 merciis
431 4125 504 4211 sub
533 4124 754 4222 Heraclio,
784 4151 880 4209 curn
898 4126 940 4209 in
961 4123 1046 4236 AEg
1044 4145 1193 4239 ypram
1222 4126 1421 4213 Saraceni
1447 4130 1699 4235 incusarent,
1729 4141 1803 4228 ali»

241 4237 550 4364 quiddecessit,
580 4236 695 4352 quod
717 4265 817 4324 vero
837 4240 1061 4353 exaliquaii
1075 4262 1191 4351 parre
1202 4267 1578 4351 recuperaverunt:
1607 4246 1803 4355 Judaeaa

239 4364 351 4451 enim
378 4352 572 4469 quidam,
601 4350 874 4461 Benjamiuus
904 4352 957 4438 dc
985 4351 1219 4453 Navarra,
1248 4354 1291 4437 in
1311 4356 1460 4443 itinere
1477 4360 1641 4447 saeculo
1666 4393 1726 4451 12¹
1746 4367 1808 4455 ad

1732 4506 1812 4573 828.

275 4617 450 4699 yJosephus
470 4612 521 4679 lib.
541 4628 571 4675 a.
592 4625 654 4689 cap.
676 4618 722 4677 16.
741 4609 876 4677 debello
895 4609 1027 4691 Judiiio·
1139 4626 1158 4674 2
1174 4606 1353 4672 domimus·
1360 4608 1554 4675 mucetum
1562 4604 1582 4671 i.
1596 4619 1652 4671 aa..
