4140 5646
240 317 318 407 ηε
472 301 788 397 rnnunm
818 294 1598 415 numerumnunerum
1764 397 1783 422 ..
1822 392 1828 407 ,

237 547 360 626 tunt,
398 521 515 643 quusi
555 519 687 637 ulfila.
777 520 972 633 Gausapa
1020 514 1073 601 ab
1104 539 1188 603 unu
1212 508 1347 627 -parte
1379 510 1511 630 pilosa
1547 512 1592 601 &
1631 540 1825 633 repere,

238 641 505 757 amphimalla
526 637 667 725 villosa
685 634 737 723 ab
756 656 942 749 utraque
965 627 1059 718 suit.
1121 627 1485 747 ornamentorum
1511 626 1824 745 fitnplicitaoetn
1848 696 1855 705 -

239 758 382 845 velex
413 754 617 840 nobilium
641 750 843 863 juvenum
872 742 1126 833 vestimentis
1154 742 1341 855 colligum
1428 744 1677 831 Praetexta
1694 750 1827 845 enim,

241 898 368 989 quam
387 866 557 954 decimo
576 864 696 950 sexto
723 888 836 949 anno
864 858 1105 965 sumebant,
1127 883 1221 947 non
1243 857 1318 944 nist
1337 884 1394 971 pu
1447 883 1592 945 ureum
1610 860 1825 949 fimbrium

242 984 429 1071 adiutam
450 976 642 1064 habebat.
703 976 882 1065 Laeu'eu'a
915 976 958 1060 in
989 974 1189 1061 muccinii
1206 972 1350 1060 locum
1416 971 1672 1075 rvidentur,
1700 974 1825 1065 llc'e-
1870 1016 1873 1021 ·

241 1101 331 1190 nim
353 1096 565 1194 Plautus,

364 1321 433 1413 At
452 1341 501 1406 tu
521 1316 713 1437 aedepol,
734 1324 850 1429 sume
870 1315 1064 1405 laciniam
1084 1315 1128 1409 ll
1159 1316 1341 1433 absterge

362 1435 559 1522 Sudorem
578 1435 671 1521 tibi.
779 1465 790 1485 ·

244 1667 400 1755 Omnia
425 1650 532 1747 haec
561 1658 805 1750 vestimenta
834 1660 951 1748 lanea
979 1663 1103 1747 initio
1133 1658 1319 1748 fuerunt.
1378 1654 1521 1749 Serica
1542 1661 1618 1749 nisu
1636 1658 1711 1753 sub
1744 1665 1827 1752 im·

60 1855 66 1862 .
244 1781 353 1896 perii
369 1779 497 1866 linem
516 1777 743 1889 importata
760 1773 879 1873 sunt,
906 1775 951 1860 ἃ
969 1772 1130 1887 saepius
1150 1775 1249 1863 viris
1259 1771 1664 1887 legibusinterdiela.
1702 1778 1828 1867 Prin·

248 1897 388 2005 cipem
399 1889 676 1977 Aurelianum
692 1888 863 2001 conjugi
882 1887 1056 1975 sericum
1066 1886 1230 1974 vestem
1249 1885 1647 1999 deneguffe,&rem
1666 1920 1691 1977 a
1710 1882 1828 1981 sein·

246 2006 384 2097 senam
403 2004 491 2118 peti
511 2001 754 2103 credidille,
783 2002 914 2091 refert
924 2004 1137 2116 Vopiscus.
1194 2002 1262 2088 Ne
1286 2027 1390 2088 vero
1400 2003 1566 2111 sericae
1583 2002 1742 2107 vestes,
1772 2006 1826 2094 de

247 2117 400 2236 quibus
429 2113 625 2202 hellenus
653 2117 868 2216 diximus,
896 2115 1085 2227 ejusdem
1111 2117 1311 2201 materiae
1338 2112 1458 2201 suille
1478 2118 1685 2229 opineris,
1712 2119 1828 2208 unde

247 2230 407 2341 nostras
428 2229 685 2318 conficimus.
744 2230 1032 2341 Bomlyeiuam
1050 2226 1830 2424 quipgeCriticiasericadistinguunt,

253 2345 488 2459 Ulpianum
508 2341 826 2456 sequuti,cujus
847 2343 950 2430 haec
970 2341 1099 2429 verba
1117 2344 1151 2425 li
1180 2374 1226 2426 .2
1232 2374 1268 2444 3·
1271 2345 1327 2456 ff.
1339 2342 1498 2427 deauru
1507 2372 1599 2459 arg.
1609 2346 1688 2460 leg.
1748 2348 1829 2433 Ve-

241 2458 321 2572 stis
338 2486 393 2542 auu
410 2455 653 2566 vestimenta
679 2457 873 2571 legentur
899 2455 1011 2540 nihil
1034 2458 1196 2568 refert,
1223 2456 1552 2569 vestimentorum
1562 2463 1667 2569 stant
1695 2460 1830 2545 mnia

251 2573 385 2671 linea,
413 2571 636 2683 laneaque,
663 2572 740 2653 vel
747 2572 888 2680 serica
908 2571 984 2655 vel
1000 2568 1243 2678 bombycina.
1300 2570 1828 2687 Bumbycu'ealerulyxlup·

251 2680 488 2799 peditabat‚
510 2684 652 2792 serica
671 2711 726 2769 ex
772 2686 909 2802 offypiu'
928 2710 1083 2796 genere
1113 2704 1228 2769 texta
1247 2681 1458 2770 videntur.
1516 2682 1646 2796 Apud
1667 2686 1741 2801 Ap
1769 2688 1831 2771 ia*

251 2828 347 2885 uum
366 2798 668 2885 Marcellinum
689 2801 722 2884 lu'
750 2864 760 2882 .
782 2827 851 2900 23.
872 2816 960 2913 cap.
984 2826 1049 2883 11.
1068 2795 1171 2889 haec
1191 2797 1404 2909 leguntur.
1444 2794 1557 2883 Coeli
1576 2798 1689 2912 apud
1741 2828 1832 2887 eree

238 2910 434 3026 jucunda
461 2914 681 3024 temperies
718 2911 1014 3028 delubrisque,
1053 2915 1172 2998 airis
1200 2913 1343 3024 facies
1378 2911 1562 3012 munda,
1599 2915 1832 3029 leuiumque

252 3045 473 3111 ventorum
491 3024 818 3136 commeduffrmus
825 3026 985 3136 flatus,
1014 3026 1057 3117 ὅ
1075 3024 1380 3135 aluedefilvae
1399 3025 1666 3136 suublucu'dae,
1691 3058 1720 3113 a
1739 3031 1833 3146 quiz

253 3137 330 3223 bus
347 3136 538 3223 arborum
548 3141 721 3251 faetus,
737 3169 938 3255 aquarum
963 3145 1024 3252 as
1037 3170 1086 3226 er
1111 3137 1250 3228 unibus
1270 3139 1465 3237 crebris,
1492 3144 1615 3226 velut
1633 3144 1832 3257 padam

254 3253 420 3337 vellera
439 3252 694 3353 mollientes,
723 3283 777 3340 eu
794 3162 1051 3454 lanefiuell
1071 3171 1233 3455 ἔμενε
1257 3257 1435 3452 ”illm
1455 3252 1741 3364 subtilitatem
1768 3278 1834 3347 te·

1107 3389 1129 3456 t
1191 3396 1300 3483 eerg.
1337 3396 1354 3451 r
1382 3430 1391 3451 .
1412 3395 1441 3455 1.
1737 3386 1741 3397 ’

146 3369 154 3385 ”
251 3367 480 3457 uerrieuare
499 3369 691 3480 pellant.
748 3369 875 3486 Virgu'
893 3374 961 3457 ius
969 3368 1105 3482 scribe

375 3595 549 3683 Vellera
570 3626 673 3711 quae
683 3601 809 3712 foliis
828 3600 1048 3716 depellunt
1068 3597 1211 3683 tenuia
1232 3594 1267 3680 S
1266 3626 1369 3682 eres.

315 3806 585 3927 Plurimaque
605 3815 790 3926 ejusdem
812 3825 1049 3935 argumenti
1070 3819 1163 3908 loca
1183 3823 1463 3932 reperiuntur.

315 3922 461 4010 Multo
490 3927 713 4036 impenfius
742 3936 879 4044 cupita
906 3959 1133 4034 ornamus,
1173 3960 1299 4048 quam
1328 3937 1572 4020 aRoeaaea‘s
1599 3931 1837 4027 fatuitatem

261 4036 343 4137 est,
362 4039 434 4149 qui
443 4037 559 4125 nudo
570 4041 817 4160 plerumque
828 4049 967 4159 capite
979 4046 1255 4146 incedebant,
1282 4073 1362 4133 nec
1373 4047 1533 4163 nifiper
1542 4049 1743 4150 calorem,
1760 4048 1838 4137 fri·

259 4177 358 4262 gur,
396 4169 471 4282 aut
495 4149 708 4243 humidam
737 4160 1024 4276 tempestatem
1051 4160 1210 4260 coelii,
1231 4163 1363 4276 pallio
1392 4161 1658 4276 tegebantur.
1712 4162 1837 4253 Rure

253 4264 365 4378 pileo
384 4260 557 4351 subinde
567 4267 626 4354 ufi
636 4268 754 4372 sunt,
775 4277 944 4362 cucullo
956 4275 1075 4362 simili
1087 4273 1343 4361 &libertatis
1353 4275 1567 4390 symbolo,
1584 4275 1837 4365 undeservis
1865 4324 1868 4329 ·

262 4375 512 4463 manumissis
531 4379 650 4467 dutus
669 4383 740 4470 est.
799 4389 968 4476 Nerone
980 4408 1153 4474 mortuo
1171 4388 1837 4506 universumpopulumpileatum

262 4485 521 4600 processiffe,
539 4488 713 4600 legimus
734 4500 844 4610 apud
865 4502 1115 4586 Suetonium.
1145 4502 1251 4613 Aliis
1262 4520 1434 4617 quoque
1444 4504 1771 4615 integumentis,
1785 4520 1837 4589 nt

263 4603 425 4704 tetulo,
443 4602 611 4718 apice&
616 4611 784 4721 galero,
805 4635 931 4735 caput
953 4612 1224 4728 operiebant,
1262 4643 1394 4730 quern
1412 4616 1608 4706 ultimum
1629 4644 1686 4708 ex
1704 4634 1838 4819 p‘eicu-¹

1263 4765 1265 4769 ’
1764 4754 1837 4821 um
