4140 5646
245 277 323 367 ιω
475 268 789 363 raanan
819 262 1591 384 anrro.nom1surrum

301 486 445 571 Cicero
462 486 506 569 in
527 482 827 570 Frumentaria
847 484 977 569 Verri
994 478 1164 593 objicit,
1192 476 1310 597 quod
1328 480 1551 595 pecuniam
1579 480 1634 569 ad
1653 482 1821 597 publici

246 596 449 686 frumenti
477 602 792 711 coemptionem
821 596 894 686 srbi
930 595 1193 694 attributam,
1224 593 1383 681 duabus
1411 594 1660 705 ceatestmis,
1700 628 1727 681 2
1759 598 1819 687 de

252 740 333 797 100
360 714 405 797 in
432 710 639 810 mensem,
667 709 908 798 foeneratur
927 708 1174 797 effetzunde
1197 710 1468 793 Romanorum
1495 706 1819 799 foeneratorum

248 824 360 911 haud
398 827 537 911 minor
582 823 910 933 sanguinolentis
947 848 1073 937 quam
1125 819 1362 905 nostrorum
1404 822 1819 925 nummulariorum,

250 936 575 1047 (Pawnbrokers
593 935 616 975 ⁴*
644 938 739 1023 sunt
759 936 877 1041 diesi)
897 935 1068 1047 adparet
1087 932 1216 1019 fuisse.
1270 961 1273 968 ·

307 1046 509 1133 eFoenus
528 1051 738 1133 nauticum
757 1050 839 1135 five
867 1050 1069 1159 pecuniae
1098 1046 1359 1159 rrty'ersitiae
1386 1044 1557 1145 foenus,
1584 1052 1818 1137 exercitori

248 1162 363 1247 navis
380 1164 424 1247 in
442 1158 655 1245 fortunam
674 1164 879 1246 mercium
908 1161 1116 1259 creditae,
1145 1160 1379 1269 legitimum
1398 1160 1521 1243 initio
1540 1160 1701 1245 nullum
1719 1160 1818 1249 fuit.

247 1272 366 1358 Idem
385 1294 525 1357 tamen
543 1272 809 1385 Justinr'anus
826 1302 850 1357 a
871 1305 895 1356 2
916 1272 969 1357 de
993 1300 1076 1357 100
1094 1272 1146 1357 ad
1171 1302 1188 1353 1
1212 1270 1266 1355 de
1291 1298 1370 1357 100
1389 1270 1570 1356 reduxit.
1628 1270 1818 1361 Videtur

247 1408 389 1473 autem
399 1388 566 1497 fhenori
592 1390 755 1472 nautico
774 1386 906 1496 major
926 1386 1077 1472 modus
1104 1383 1327 1471 attributus
1346 1383 1668 1497 obpericolum,
1695 1386 1819 1501 quod

248 1499 480 1588 creditores
498 1502 713 1585 incurrere
742 1496 1028 1585 censebantur.
1845 1564 1848 1571 .

242 1672 249 1682 -
307 1610 324 1671 f
342 1610 484 1697 Tanta
503 1612 655 1697 Romae
672 1610 747 1697 snb
768 1611 946 1725 Augusto
966 1614 1027 1696 rei
1056 1612 1311 1697 nummariae
1339 1610 1462 1721 copia
1491 1608 1596 1709 fuit,
1623 1632 1672 1699 ut
1692 1612 1816 1701 usura

248 1724 461 1831 centesima
478 1726 707 1810 trientaria
724 1726 866 1821 fieret,
896 1722 1093 1837 huncque
1111 1726 1151 1807 ei
1179 1720 1319 1836 postea
1346 1720 1522 1807 modum
1550 1718 1817 1836 Jasttntanus

248 1835 486 1936 constituit,
513 1838 711 1925 videlicet
730 1868 759 1944 4
778 1836 832 1922 de
856 1861 936 1921 roo
953 1840 998 1921 in
1027 1862 1193 1920 annum.
1250 1832 1482 1919 Elocabant
1508 1862 1684 1950 quoque
1711 1868 1815 1957 qua·

223 1947 400 2039 arante
418 1954 591 2059 usserat,
619 1949 701 2036 sive
719 1958 740 2054 ξ
758 1952 801 2034 in
817 1948 1028 2046 mensem,
1056 1948 1128 2035 seu
1150 1978 1168 2050 3
1202 1946 1256 2032 de
1278 1973 1358 2033 100
1376 1950 1420 2032 in
1448 1970 1614 2033 annum.

306 2062 478 2150 Praeter
505 2062 669 2149 usuram
699 2060 945 2175 simplicem,
974 2060 1238 2172 conjunstam
1267 2058 1474 2174 quandam
1503 2086 1812 2167 exercuerunt,

247 2176 619 2289 quiAnatocr'smas
637 2172 773 2259 Tullio
793 2172 974 2273 dicitur,
992 2194 1039 2260 ut
1058 2174 1178 2285 supra
1199 2174 1220 2275 †
1241 2172 1570 2259 observavimus:
1598 2174 1813 2265 interdurn

249 2302 253 2307 '
281 2290 471 2374 uotannis
492 2304 535 2385 s,
564 2287 778 2373 interdum
803 2316 882 2372 roo
902 2286 1106 2372 menfibus
1127 2284 1287 2371 effluxis
1305 2282 1593 2399 pensitabatur.
1624 2288 1813 2407 Aristop-

248 2316 349 2483 iani
367 2398 487 2477 hesua
501 2404 605 2477 erem
626 2399 754 2484 audit.
784 2400 913 2509 Legis
932 2400 1040 2484 ratio
1059 2398 1159 2497 fuit,
1188 2396 1305 2511 quod
1324 2394 1479 2482 sortem
1499 2396 1703 2487 creditori
1711 2428 1811 2491 cum

246 2508 399 2609 usuris,
427 2512 624 2596 veniente
649 2511 717 2595 die
726 2514 896 2623 exigere
914 2509 1080 2597 licebat.
1106 2506 1336 2596 Enimvero
1354 2536 1420 2595 res
1439 2510 1593 2597 eodem
1618 2512 1810 2615 redibata

278 2624 321 2707 oi
348 2625 462 2708 enim
489 2624 684 2712 veniente
711 2622 781 2709 die
801 2622 1014 2709 debitores
1045 2622 1233 2709 nondum
1261 2622 1463 2709 solvendo
1491 2647 1632 2725 erant,
1670 2624 1812 2715 usuras

244 2649 349 2823 sorti
367 2732 512 2845 adjici,
541 2734 643 2821 dum
671 2734 986 2849 intercapedine
1025 2735 1271 2833 bearentur‚
1299 2734 1421 2820 facile
1448 2734 1726 2848 patiebantur.
1788 2808 1791 2815 .

302 2848 516 2960 Legitima
533 2874 708 2963 quoque
725 2847 846 2935 usura
864 2848 992 2937 distas
1019 2849 1077 2935 ita
1105 2850 1257 2933 crediti
1276 2852 1436 2961 species
1462 2845 1812 2955 foenerabantur,

275 2962 514 3047 nonomine
525 2958 1809 3071 frumentum,vinum,oleum&fimilia,comprehendebant.

243 2990 373 3159 blanc
395 3075 518 3156 tertia
537 3094 655 3183 parte
677 3076 962 3183 Constantinus
980 3070 1176 3169 absolvit,
1205 3076 1263 3158 ita
1282 3100 1454 3185 nempe,
1485 3094 1533 3159 ut
1552 3102 1630 3187 pro
1658 3100 1813 3167 mutuo

244 3182 366 3269 da'tis.
382 3180 535 3269 modiis
567 3184 756 3284 duobus,
787 3208 872 3271 tres
909 3184 1076 3270 debitor
1105 3184 1362 3283 restitueret,
1391 3186 1464 3271 nist
1503 3188 1622 3272 aliter
1651 3214 1811 3279 conve-

241 3295 404 3385 nissent.
462 3292 593 3407 Legis
620 3298 727 3383 ratio
749 3324 803 3383 ex
830 3300 1034 3383 mercium
1052 3300 1191 3409 pretio
1222 3296 1469 3386 inconstanti
1497 3302 1628 3411 petita
1645 3298 1754 3391 suit.

296 3406 514 3503 Menstrua
542 3408 662 3495 usura
690 3408 854 3523 semper
888 3412 1056 3521 gravior
1086 3409 1277 3509 ducitur,
1305 3438 1431 3523 quam
1459 3438 1594 3499 annua
1620 3412 1810 3517 ejusdem

239 3524 434 3621 rationis,
458 3524 568 3719 parit
596 3525 709 3609 enirn
728 3522 891 3610 usuram
913 3521 1192 3631 conjunsiam.
1250 3520 1335 3609 His
1354 3524 1406 3608 ad
1426 3524 1600 3641 sequens
1631 3526 1811 3617 Proble-

241 3659 309 3719 ma
331 3661 455 3719 manu
487 3662 606 3721 ucor.

297 3748 425 3831 Data
443 3750 605 3829 ratione
622 3775 781 3831 annuae
799 3752 971 3855 usttraee,
991 3750 1184 3833 invenire
1195 3750 1393 3857 stammam
1412 3752 1655 3847 maximam,
1686 3780 1812 3864 quarn

200 3920 203 3927 -
240 3856 351 3945 libra
369 3856 564 3969 sterlingi
580 3858 811 3969 producere
839 3862 994 3971 potest,
1023 3858 1155 3977 pastro
1183 3864 1350 3974 usuram
1378 3864 1530 3975 quovis
1556 3862 1809 3975 indivr'fibilr‘

239 3972 436 4085 temporis
451 3988 644 4055 momento
655 3972 771 4077 solvi
790 3971 946 4059 debere.
1741 4088 1773 4181 s

1773 4091 1808 4181 it

274 4304 531 4377 *Pannbrokern
553 4304 646 4382 quiin
666 4304 768 4382 pignus
787 4304 981 4369 commodant·
1037 4324 1102 4367 eum
1121 4324 1178 4385 ego
1196 4308 1226 4367 in
1240 4306 1333 4369 editio
1346 4309 1486 4372 tralaticia
1499 4306 1661 4373 censebatis
1680 4330 1729 4375 me
1750 4316 1805 4377 ob·

277 4381 417 4456 eCapite
430 4380 467 4439 de
480 4382 595 4441 nautico
616 4380 747 4441 foenore.
804 4382 821 4440 s
834 4378 895 4443 Dio‘
910 4384 928 4443 l.
951 4398 998 4457 51.
1039 4384 1211 4447 serratorum
1233 4384 1447 4447 haberemcum
1469 4388 1805 4453 Anatotismoannires·

273 4458 367 4535 svid
383 4474 444 4532 cap.
460 4471 487 4529 3.
1038 4462 1131 4533 sario,
1163 4462 1212 4519 isle
1230 4478 1266 4523 cx
1285 4462 1440 4541 syngrapha
1454 4462 1617 4545 postulabat
1636 4478 1805 4543 quaterni&

270 4534 472 4616 g'sussiua01.
494 4530 680 4615 s.1pist.ad
701 4535 839 4601 atrican
877 4534 1000 4603 hortu
1036 4536 1114 4601 bin
1129 4537 1263 4603 Nebna.
