4140 5646
477 277 992 413 messurianum
1021 282 1066 373 a
1095 284 1512 399 oouoouort
1725 332 1820 407 „‚.

294 494 366 585 De
393 490 658 608 quadruplici
685 487 936 605 plerumque
975 496 1152 585 materie
1181 498 1347 611 navigia
1383 504 1545 618 antiqui
1584 502 1816 611 fecerunt,

238 638 339 697 eruo
356 632 535 721 nempe,
563 608 681 705 ilice,
700 608 806 721 fugo
826 604 870 693 δι
889 608 1012 693 aiau.-
1040 606 1226 699 adhibita
1243 614 1285 698 ei
1309 612 1438 701 rei&
1458 618 1619 715 abieoee

383 832 637 921 occumbunt
655 832 772 933 arui,
801 830 948 943 modeste
966 835 1202 947 impellitur
1228 836 1341 933 ileu,

387 948 591 1063 Silvaque
609 946 832 1047 Dodones,
860 948 903 1037 li
913 946 1116 1059 flutiibus
1144 951 1286 1063 aptior
1303 952 1438 1037 uleus.

1264 1151 1269 1159 .
1413 1152 1416 1158 ,
1462 1060 1653 1153 ·Lucao.
1680 1068 1753 1164 ui.
1776 1102 1816 1175 ³·

242 1286 365 1407 AEgy
390 1288 430 1372 ti
451 1284 494 1373 δι
514 1282 664 1395 Syriae
680 1280 849 1396 Reges,
886 1280 1029 1372 scribit
1048 1298 1080 1345 ¹¹²
1106 1284 1306 1388 Plinius,
1341 1288 1483 1401 inopia
1510 1288 1658 1379 abietis
1683 1290 1817 1382 cedro

244 1401 344 1493 ade
416 1426 459 1487 es
477 1400 543 1485 uti
561 1394 743 1486 coaiios.
1253 1424 1257 1430 ·

305 1514 506 1603 Abietem
527 1509 808 1599 adhibuerunt
827 1513 1025 1612 Romani,
1053 1510 1225 1626 copiose
1243 1516 1424 1629 propriis
1452 1512 1559 1602 srlvis
1581 1515 1819 1631 suppedito·

245 1652 348 1719 tum.
708 1662 716 1678 ·
1584 1655 1588 1661 ’
1811 1704 1814 1710 .

305 1758 327 1803 ¹²
344 1736 405 1827 Ti
436 1766 487 1823 na
517 1734 726 1835 Rhodiis,
755 1762 864 1850 quae
896 1766 947 1821 ro
976 1738 1362 1853 quinqueremibus,
1390 1738 1657 1855 totidemque
1686 1746 1819 1833 trire-

248 1854 385 1945 mibus
399 1765 667 1947 llrfficerent,
695 1848 885 1960 promisit
915 1850 1209 1951 Ptolemaeus,
1236 1854 1347 1946 inter
1375 1878 1479 1969 quas
1506 1852 1733 1942 nonnullae
1762 1885 1819 1964 40

250 1965 417 2057 cubitos
434 1966 584 2075 longae
602 1960 758 2049 forent.
808 2046 811 2051 ,
977 1981 982 1989 ·

307 2080 450 2193 Tigna
468 2074 716 2189 interposrto
734 2072 851 2161 ferro
879 2074 1144 2187 copulabant.
1201 2074 1344 2165 AEreis
1373 2076 1500 2165 clavis
1528 2105 1602 2165 eos
1629 2081 1693 2165 uti
1720 2080 1821 2168 scri-

251 2193 315 2283 bit
325 2192 548 2309 Vegetius,
577 2192 653 2304 qui
670 2186 828 2275 sumtus
848 2214 933 2274 non
954 2185 1269 2289 detrellallent‚
1296 2190 1497 2305 quoniam
1516 2192 1724 2301 aeruginis
1744 2218 1818 2279 ex·

251 2327 408 2421 pertes.
464 2302 534 2391 Eo
553 2301 725 2389 meta-llo
742 2300 797 2388 ad
816 2326 1008 2412 magnam
1026 2300 1140 2387 suam
1160 2305 1298 2391 navim
1316 2301 1480 2391 uriusest
1489 2304 1637 2389 Hiero.
1673 2302 1820 2389 Tabu-

255 2422 389 2508 larum
408 2414 693 2503 commilluras
712 2414 927 2527 interjeila
945 2414 1095 2529 stuppa
1123 2416 1166 2502 δι
1197 2418 1326 2529 pioe,
1368 2436 1672 2532 nonnunquam
1693 2420 1819 2529 spur·

253 2554 319 2634 so,
344 2534 463 2645 junci
481 2530 646 2643 specie,
669 2526 1012 2615 ferruminabant.
1460 2556 1465 2573 ·
1810 2615 1814 2627 ¹

310 2648 379 2735 De
400 2646 726 2729 naviumeorum
737 2639 1260 2749 magnitudine‚&earum
1277 2642 1402 2727 variis
1420 2640 1669 2751 generibus,
1699 2638 1821 2729 diffe-

253 2759 379 2845 rendi
398 2754 562 2840 occasio
581 2756 623 2837 in
644 2749 780 2836 brevis
800 2750 920 2858 hujus
940 2750 1133 2842 historiae
1151 2750 1369 2863 progreffu
1386 2752 1473 2839 lese
1501 2756 1674 2865 aperiet.

312 2866 662 2955 Antediluvianos
690 2860 905 2962 homines,
934 2861 1021 2946 aliis
1048 2862 1205 2949 artibus
1263 2862 1585 2966 rovelliffimos,
1615 2865 1821 2979 quaedam

247 2984 336 3097 jam
355 2978 685 3063 machinamenta
703 2971 909 3073 habuille,
936 2974 1169 3061 verolimile
1256 3033 1269 3074 ,
1299 3002 1355 3061 ex
1371 2974 1494 3090 supra
1510 2976 1822 3066 diilismateriis

250 3090 465 3185 consciis,
503 3086 654 3202 quibus
682 3110 825 3172 amnes
855 3084 1047 3200 srnusque
1075 3088 1352 3197 trajicientes,
1390 3110 1536 3177 mutua
1565 3094 1823 3179 commercia

249 3207 469 3295 aitarent.

273 3234 483 3407 gHorum
511 3308 603 3423 post
631 3308 857 3406 diluvium,
886 3306 969 3421 ipsa
998 3308 1167 3395 humani
1189 3315 1354 3421 generis
1370 3313 1590 3414 conditio,
1617 3316 1819 3425 majorem

253 3428 540 3521 necellrtatem
558 3422 748 3522 induxit,
775 3421 979 3535 srquidem
1010 3446 1143 3509 terrae
1165 3452 1248 3509 non
1269 3426 1389 3511 aliter
1414 3454 1543 3541 quam
1569 3426 1817 3535 trajiciendo

255 3526 419 3633 colo'nis
439 3535 649 3653 patebant.
730 3534 959 3619 Phoenices
977 3556 1104 3649 atque
1122 3534 1351 3651 AEgyptios
1370 3542 1560 3627 nauticae
1580 3542 1645 3625 rei
1663 3541 1822 3652 primos

253 3682 427 3775 operam
447 3645 603 3738 dedilse
623 3674 689 3735 res
707 3646 767 3734 est
784 3646 1018 3734 certiffrma.

313 3770 394 3855 Pet
406 3793 519 3853 mare
537 3762 710 3849 rubrum
720 3762 841 3847 initio
870 3760 1153 3846 Idumaeorum
1171 3762 1413 3863 voluntate,
1441 3764 1495 3849 ad
1517 3787 1625 3880 quos
1645 3761 1733 3870 ejus
1743 3765 1822 3849 irn-

258 3884 425 4001 perium
442 3870 882 3991 spettabat‚AEgypoit
893 3876 1153 3985 navigarunt.
1183 3874 1403 3983 (Creditur
1420 3876 1705 3964 idumaeorum
1724 3876 1823 3964 Rex

260 3995 481 4107 Erythras
497 3990 549 4076 ab
570 3988 702 4075 Edem
721 4010 792 4074 aut
812 3988 929 4096 Efiu
958 3986 1141 4073 diversus
1171 4015 1258 4073 non
1284 3986 1437 4093 fuille.)
1523 3990 1722 4077 Protinus
1750 4014 1824 4077 au·

260 4134 348 4201 rem
368 4140 391 4195 a
408 4126 523 4194 tanta
538 4104 739 4191 servitute
758 4102 802 4185 in
830 4099 1066 4186 libertatern
1092 4098 1177 4185 sese
1205 4098 1524 4187 vindicaverunt
1551 4100 1613 4189 AE
1662 4106 1766 4220 poii.

310 4241 334 4283 0
353 4222 527 4332 Ofirim,
555 4244 684 4333 quern
711 4234 874 4300 veteres
903 4214 1133 4312 Bocchum,
1160 4214 1391 4323 Dionysum
1421 4217 1575 4303 Graeci
1634 4221 1644 4238 '
1677 4236 1823 4317 erunt,

261 4337 458 4433 ludorum
476 4358 617 4422 mores
634 4326 860 4442 mitigalle,
887 4328 1022 4443 iisque
1050 4354 1127 4441 per
1150 4354 1202 4437 52
1223 4353 1353 4415 annos
1372 4327 1611 4443 imperaffe,
1639 4331 1999 4421 coloniasmuu·
2058 4427 2064 4439 ,

1757 4468 1827 4531 ur-

299 4610 329 4655 m
344 4588 453 4651 Plinius
475 4588 495 4650 l.
517 4594 563 4651 1⁶.
585 4604 611 4649 c.
632 4602 680 4659 rr.
774 4603 795 4651 o
814 4583 949 4663 Polybius
968 4582 988 4646 l
1013 4598 1041 4660 ς.
1132 4600 1154 4645 o
1169 4576 1320 4647 Diodorus
1338 4581 1451 4649 Siculos
1469 4585 1521 4652 lis.
1542 4602 1569 4651 t.

1173 4660 1299 4747 Cea
