4140 5646
306 68 309 74 ’
552 144 1697 305 rainelmo

60 370 68 385 .
300 406 459 537 ditus
487 402 646 558 Vir,-
695 398 805 525 Dr.
858 396 1128 589 Hooper,
1196 390 1412 586 Episco
1453 442 1523 527 us
1572 404 1650 530 de
1700 400 1850 532 Bath
1903 414 1971 541 &

260 574 547 733 'Wells,
617 568 779 697 suam
827 566 1065 737 pubhce
1134 567 1381 694 exhibui
1427 598 1489 695 et
1546 570 1972 747 quuifitionem

305 740 656 869 Cauditiouir
683 736 1094 908 infaustuum
1120 734 1283 909 upud
1317 736 1611 907 Antiquos
1654 743 1970 913 usualium:

248 948 251 952 ’
303 909 410 1083 qui
431 908 771 1061 Trallatm,
803 899 1156 1030 confidcrata
1194 902 1377 1028 totius
1409 901 1713 1037 schematis
1743 910 1973 1042 unifor-

303 1078 540 1236 mitate,
594 1104 851 1203 accurata
895 1069 1286 1199 Calculorum
1339 1069 1775 1238 subductione,
1830 1128 1973 1211 con-

296 1242 661 1421 jeclurarum
705 1239 1050 1395 subtilitate,
1091 1240 1345 1411 Ingenio
1382 1251 1449 1364 in
1480 1249 1973 1537 comparandis&

305 1408 703 1543 restituendis·
742 1407 1130 1574 antiquorum
1182 1412 1552 1576 Scriptorum
1633 1415 1786 1574 ocis,
1838 1449 1973 1547 tum

305 1578 638 1737 admiranda
678 1574 970 1701 Dollrina
982 1673 1000 1733 ,
1043 1617 1160 1744 qua
1198 1573 1421 1744 ubique
1460 1573 1750 1751 refulget,
1790 1584 1974 1759 longe

304 1748 603 1921 praecellit
641 1744 951 1899 omnibus,
1008 1744 1115 1913 qui
1151 1784 1420 2037 umpuam
1459 1746 1567 1871 hac
1618 1748 1692 1875 de
1737 1757 1976 1886 materia

271 1916 449 2045 ¹editi
485 1910 750 2043 fuerunt.
847 1910 929 2037 Et
966 1954 1198 2064 revera,
1276 1953 1462 2081 copus
1515 1911 1559 2039 fi
1615 1914 1767 2047 mihi
1813 1922 1999 2083 idem

268 2116 271 2121 ·
304 2081 683 2212 solummodo
697 2076 925 2235 fuisset,
954 2082 1062 2249 qui
1084 2080 1226 2205 huic
1250 2078 1403 2207 Viro
1427 2084 1756 2251 plurimum
1780 2087 1973 2218 Reve-

307 2252 539 2411 rendo,
606 2294 737 2378 non
799 2244 1183 2417 sustinuiliem
1223 2248 1391 2419 plura
1456 2253 1576 2378 huc
1630 2254 1972 2424 spellantia,

209 2563 219 2575 ⁴
307 2418 376 2546 in
418 2420 684 2549 medium
709 2413 989 2588 proferre.

328 2682 331 2689 -
391 2588 700 2749 Quoniam
727 2629 888 2713 meae
914 2586 1410 2755 Computationes
1432 2585 1499 2715 in
1523 2591 1685 2720 nulla
1711 2640 1775 2721 re
1800 2595 1973 2768 infig-

305 2756 404 2885 'nis
444 2759 740 2915 momenti
781 2751 1070 2881 differunt
1106 2803 1137 2883 a
1181 2755 1254 2879 N
1258 2759 1506 2918 umeris,
1545 2801 1699 2926 quos
1735 2764 1847 2890 Vir
1871 2767 1973 2891 hic

301 2922 702 3057 venerandus
741 2923 994 3049 Calculo
1034 2922 1140 3048 suo
1180 2922 1492 3084 subduxit3
1546 2928 1808 3056 sufficere
1847 2975 1973 3058 cre-

177 3196 180 3201 ,
314 3091 466 3249 didi,
520 3091 684 3219 nulla
715 3089 1065 3217 notabiliore
1098 3094 1165 3217 in
1206 3087 1339 3260 ipsis
1375 3090 1617 3219 Tabulis
1651 3093 1800 3227 facia
1841 3142 1975 3226 mu·

315 3262 567 3416 tatione,
635 3259 789 3415 illas,
858 3301 1008 3447 quae
1060 3257 1304 3413 dantur,
1375 3257 1631 3387 indicare
1697 3261 1974 3392 differen-

316 3431 432 3556 tias.
529 3429 605 3558 N
608 3429 709 3554 ovi
735 3428 926 3584 Librr,
969 3425 1043 3552 de
1071 3424 1314 3553 utilibus
1337 3427 1444 3596 qui
1470 3463 1653 3600 agunt
1685 3436 1888 3592 robur,
1930 3436 1975 3561 sr

306 3595 450 3725 ,falsa
495 3638 626 3721 non
676 3596 937 3750 docent,
1002 3596 1121 3719 hoc
1182 3592 1381 3721 saltem
1436 3596 1509 3722 ad
1576 3601 1976 3729 eruditionem

288 3761 678 3922 conferunt,
719 3797 818 3922 ut,
887 3760 1047 3931 quali
1081 3806 1186 3930 per
1228 3762 1521 3921 accidens,
1577 3766 1977 3933 plurimorum

321 3937 590 4062 manibus
619 3934 764 4061 dum
790 3960 1099 4088 teruntur,
1139 3929 1426 4101 quosdam
1451 3935 1864 4098 exstimulent,
1906 3970 1979 4065 ut

323 4106 380 4229 le
404 4106 699 4273 applicent
722 4098 938 4226 Studiis
961 4141 1195 4255 rerum,
1236 4097 1312 4224 de
1344 4099 1561 4269 quibus
1591 4103 1720 4231 alias
1760 4148 1840 4229 ne
1878 4150 1977 4231 co·

214 4373 246 4427 ³.
325 4266 592 4449 gitallent
616 4268 872 4436 quidem.

406 4440 648 4613 Semper
672 4438 780 4566 hac
804 4437 1090 4603 opinione
1114 4431 1250 4592 fui,
1282 4434 1555 4608 ingenuis
1576 4440 1979 4736 Adolescpnti-

1873 4657 1976 4774 us)
