4140 5646
400 194 1531 332 PRAEFATIO

216 446 420 579 Errata
444 456 617 623 (quae
641 442 1089 616 quamplurima
1115 442 1393 615 irrepsrlle
1418 450 1631 618 lentio)
1648 492 1741 582 ma
1781 530 1803 558 -

139 661 217 749 na
236 660 315 745 ex
342 644 505 788 parte
531 616 952 783 profluxerunt
986 654 1065 738 ex
1101 611 1340 743 defeblu
1384 619 1556 744 ο111..·
1615 623 1664 748 F
1663 499 1807 752 acilo

184 786 408 957 uisquis
438 785 536 911 illa
572 825 650 907 ex
688 779 990 949 principiis
1029 790 1096 911 ὅ(
1138 786 1343 940 rebus,
1383 789 1638 957 quaein
1679 789 1804 961 ipso

138 828 418 1087 lraclatu
460 951 894 1107 continentur,
949 990 1240 1120 corrigere
1291 954 1525 1121 poterit
1658 961 1805 1131 Sup-

181 1125 282 1251 lex
345 1122 527 1294 igitur
580 1115 905 1247 vindictam
958 1116 1240 1285 deprecor
1308 1120 1677 1251 Criticorum
1738 1138 1804 1258 &

138 1158 662 1462 bntiquariorum,
718 1328 899 1453 quae,
954 1285 1056 1410 tali
1099 1284 1429 1446 occasione,
1484 1294 1656 1419 valde
1707 1297 1803 1423 fla·

138 1502 302 1635 grate
325 1454 485 1585 solet.
541 1453 701 1580 Non
729 1453 894 1622 labio
925 1493 1117 1577 meam
1142 1450 1474 1616 scientiam,
1514 1453 1633 1586 five
1663 1462 1804 1589 Lin-

138 1666 418 1798 guarum,
475 1618 874 1747 Historiarum
916 1619 1013 1743 vel
1065 1621 1551 1790 Antiquitatum,
1605 1629 1803 1756 multo

137 1793 340 1919 minus
394 1790 668 1963 exigmm
709 1786 1129 1914 Arithmeticae
1180 1788 1489 1959 peritiam,
1544 1836 1694 1966 quae
1732 1799 1806 1926 ad

136 1986 326 2141 totam
348 2004 482 2091 rem
506 1955 986 2129 perficiendamr
1060 1955 1308 2122 uiritur3
1348 1992 1554 2132 atque,
1595 2007 1805 2135 excep-

136 2155 204 2255 to
227 2173 356 2258 uno
395 2131 761 2300 problemate
795 2126 944 2254 circa
968 2128 1032 2252 U
1058 2169 1257 2286 uram,
1298 2136 1372 2257 m
1543 2130 1612 2256 in
1640 2177 1803 2262 com·

111 2297 403 2463 ,putando
429 2297 776 2424 dexteritate
804 2337 935 2421 non
962 2326 1107 2468 eget.
1190 2294 1350 2423 Non
1375 2170 1622 2457 lubin,
1650 2299 1804 2471 quin

133 2466 358 2597 horum
385 2466 666 2637 quilibet,
719 2460 1038 2634 perfebtius
1080 2462 1280 2593 multo
1304 2463 1668 2597 elaboratum
1707 2467 1803 2597 de·

134 2630 303 2761 diffet
345 2638 465 2761 hoc
501 2634 724 2803 Opus,
777 2629 960 2802 quam
1000 2629 1154 2763 mihi
1197 2630 1384 2759 licuit.
1509 2633 1803 2767 Praeterea

132 2799 240 2927 vix
252 2802 406 2931 mihi
434 2802 668 2929 animus
694 2846 796 2929 me
822 2797 1216 2953 defendendi,
1242 2803 1442 2931 otium
1483 2832 1641 2927 certe
1671 2846 1803 2930 non

132 2966 403 3140 suppetit.
502 2966 674 3094 Hine
707 2966 935 3137 liquido
964 2993 1151 3135 patet,
1208 2984 1537 3095 maximam
1571 2996 1802 3134 partem

133 3178 379 3296 eorum,
419 3180 570 3308 quae
605 3135 692 3262 illi
716 3136 961 3304 probare
984 3134 1371 3288 annituntur,
1398 3179 1430 3260 a
1457 3166 1688 3262 memet
1712 3138 1802 3268 ul-

132 3332 230 3431 tro
255 3308 505 3433 concedi
535 3304 602 3430 in
628 3301 1006 3431 antecessum.
1275 3412 1278 3417 .

214 3472 427 3600 Labori
459 3474 644 3643 magis
673 3516 857 3640 quam
892 3469 1154 3643 Judici0,
1200 3468 1297 3593 hic
1341 3465 1644 3599 Tractatus
1687 3476 1801 3599 ori·

173 3640 342 3771 inem
380 3638 556 3766 debet
590 3636 792 3775 suanm
845 3634 1156 3806 inprimis
1194 3635 1361 3766 enim
1410 3642 1632 3766 constat
1681 3642 1801 3766 col-

130 3687 298 3937 {btis
347 3806 651 3935 variorum
721 3806 1064 3936 nouorum
1136 3801 1484 3963 sententiis,
1540 3849 1799 3976 quarum

170 3980 415 4108 lurimas
437 3970 596 4103 bauli
651 4015 729 4098 ex
772 3970 941 4146 Hosti
985 3970 1252 4146 Historia
1279 3971 1393 4098 Rei
1418 3971 1800 4103 Nummariae.

126 4024 385 4279 llullam
425 4143 566 4269 inde
588 4138 868 4269 Gloriam
897 4180 1206 4311 aucupor,
1257 4180 1374 4265 nee
1413 4138 1598 4271 ullam
1631 4141 1801 4309 spero

127 4359 230 4448 me
257 4311 398 4444 inde
433 4306 824 4479 perditurum.

1684 4640 1796 4814 Jo.
