4140 5646
257 158 264 171 ’
418 270 503 327 222
651 178 965 321 nasucio
994 226 1234 342 numo.
1263 184 1769 317 numismatum

421 445 759 559 receptaculum,
778 472 886 573 quac
895 442 1052 529 summa
1062 438 1290 530 secundum
1302 436 1522 549 tabulas85
1545 440 1656 527 dolia
1672 438 1869 541 excedit,
1889 468 1997 529 con·

422 560 595 651 sinebat.
653 559 767 645 Inter
784 556 974 671 scaphas,
1002 582 1104 671 quas
1114 550 1321 665 adjundias
1331 551 1477 641 habuit
1494 554 1715 666 plurimas,
1743 578 1871 639 unam
1892 580 1998 641 one-

424 678 460 760 ri
488 678 615 761 trium
635 674 811 760 millium
830 672 1086 757 talentorum
1104 664 1281 753 ferendo
1301 664 1419 755 suisse
1451 671 1702 782 accepimus.
1759 664 1995 757 Talentum

423 788 635 899 sexaginta
662 790 795 871 minas
823 783 1037 899 capiebat,
1062 786 1293 895 miramque
1320 800 1510 867 veterem
1531 783 1725 868 Atticam
1744 778 1908 867 nostrae
1929 782 1995 871 A·

424 900 713 1015 verduposenſs
731 896 866 985 librae
895 900 1242 1012 exaequavirnusa
1274 922 1356 1091 rpus
1383 898 1547 983 ratione
1576 896 1663 983 duo
1696 894 1850 983 talenta
1868 892 1996 985 libras

423 1034 596 1101 centum
614 1012 658 1097 ἃ
678 1014 849 1123 viginti,
880 1009 1216 1128 &quadraginta
1243 1030 1285 1095 ta
1301 1029 1398 1097 enta
1422 1008 1584 1098 doiium
1611 1006 1634 1047 ¹*
1652 1007 1889 1111 absolvent,
1915 1036 1998 1099 tur·

319 1180 322 1187 ·
424 1126 481 1213 dc
499 1126 610 1212 dolia
629 1124 813 1237 praecise
834 1154 887 1231 75
907 1152 999 1211 earn
1017 1124 1155 1209 navim
1162 1118 1317 1247 cepisse
1336 1122 1540 1209 uidemus.
1597 1124 1714 1209 Alias
1731 1124 1797 1209 sca
1827 1122 1901 1209 has
1919 1124 1998 1211 nisi

427 1267 511 1345 500
513 1238 810 1435 dtalentorum,
837 1238 909 1325 seu
937 1240 1047 1325 illius
1074 1234 1282 1323 sextantes
1308 1232 1427 1323 fuisse
1446 1236 1560 1323 idem
1580 1234 1725 1325 austor
1752 1262 1776 1321 e
1820 1295 1834 1335 ,
1862 1236 1907 1323 id
1937 1235 1997 1325 esi

454 1362 492 1435 2¹
543 1352 738 1439 oliorum.

406 1380 458 1596 ,ἱ
479 1410 688 1550 'veterum
709 1466 919 1573 onerarias
938 1490 1064 1549 naves
1083 1462 1231 1547 nostris
1252 1460 1387 1547 multo
1406 1462 1591 1549 minores
1601 1458 1744 1563 fui-sse,
1773 1460 1830 1549 ob
1851 1465 1997 1575 grauia

422 1600 668 1689 argumenta
686 1578 886 1663 creditur.
975 1576 1117 1662 Cicero
1144 1576 1187 1659 in
1217 1570 1399 1687 Epistola
1418 1575 1470 1660 ad
1481 1574 1708 1661 Lentulum
1726 1574 1997 1681 duodecima,

423 1692 667 1802 interceptis
686 1690 727 1775 sc
747 1690 896 1775 litteris
914 1684 1155 1800 cognovisse
1174 1688 1255 1785 ait,
1285 1684 1510 1797 desperatis
1529 1690 1572 1773 in
1594 1690 1718 1798 Syria
1737 1690 1783 1775 dt
1801 1687 1995 1805 AEgypto

423 1798 571 1902 rebus,
600 1800 868 1887 Dolabellam
896 1796 1126 1887 convasatis
1146 1798 1340 1886 omnibus
1369 1802 1413 1885 in
1433 1801 1607 1887 Italiam
1627 1798 1920 1911 trajcdiurum,
1950 1804 1994 1893 dc

423 1940 538 2001 nunc
563 1912 608 1997 id
628 1942 754 2025 agere
775 1936 824 1999 ut
843 1916 1051 2001 onerarias
1083 1934 1321 2025 comparet,
1347 1938 1526 2025 quarum
1545 1916 1716 1999 minima
1735 1912 1797 1999 bis
1817 1916 1996 2005 millium

424 2026 728 2139 Amphorarum
748 2028 819 2127 sit,
849 2028 931 2113 sive
944 2036 995 2131 56
1006 2024 1096 2111 fere
1107 2026 1340 2125 doliorum,
1369 2052 1495 2139 quarn
1515 2026 1608 2114 satis
1629 2054 1823 2139 magnam
1842 2056 1995 2117 navem

424 2137 628 2253 reputasse
657 2138 849 2236 videtur,
879 2166 927 2225 ca
953 2138 1143 2226 mensura
1171 2139 1200 2224 fi
1227 2139 1527 2251 capacitatem,
1555 2164 1642 2226 non
1671 2139 1845 2227 serenda
1865 2172 1995 2233 onera

343 2258 349 2269 '
422 2252 629 2351 intendit,
656 2254 792 2339 multo
810 2250 947 2337 adhuc
969 2254 1105 2337 minor
1122 2249 1285 2337 evadet.

481 2364 715 2451 Maximam
745 2367 921 2451 Plinius
949 2365 1184 2449 onerariam
1201 2366 1237 2475 Ι1.
1271 2368 1338 2449 16.
1367 2391 1405 2450 c.
1434 2392 1502 2473 40.
1535 2362 1773 2478 descripsit,
1802 2394 1911 2481 quac
1940 2396 1996 2457 ex

423 2476 613 2593 AEgypto
634 2476 886 2575 obeliscum,
913 2478 956 2561 in
977 2478 1181 2561 Vaticano
1199 2478 1315 2562 circo
1335 2474 1530 2565 statutum
1552 2478 1648 2589 Caji
1669 2481 1864 2589 Caestrris
1879 2484 1995 2597 prin-

424 2596 599 2706 cipatu,
636 2588 865 2689 transtulit,
907 2588 946 2675 ci
974 2610 1140 2702 praeter
1167 2589 1377 2699 obeliscum
1410 2622 1488 2677 120
1514 2592 1642 2677 millia
1667 2594 1843 2679 modiasm
1869 2596 1996 2685 lentis

424 2732 503 2821 pro
522 2700 687 2789 saburra
706 2702 848 2801 fuere,
876 2730 983 2819 quae
1004 2702 1114 2807 dolia
1139 2705 1243 2803 1138
1274 2704 1516 2789 conficiunt.
1679 2804 1686 2819 Β
1896 2803 1902 2820 ⁴

481 2818 635 2927 Longe
653 2816 705 2903 ab
724 2819 862 2903 Arcac
881 2818 1112 2929 capacitate
1131 2818 1298 2903 navium
1318 2818 1624 2935 magnitudines
1653 2840 1911 2911 memoratae
1929 2820 1995 2910 di-

423 2930 552 3030 stant,
572 2956 696 3043 quam
712 2930 850 3018 sacrae
868 2932 1044 3043 paginae
1065 2960 1148 3033 300
1158 2928 1525 3042 cubitoslongam,
1553 2934 1677 3019 latam
1692 2964 1770 3039 50,
1799 2934 1926 3039 altam
1938 2966 1994 3039 30

424 3038 543 3129 fuisse
554 3040 802 3152 perhibent,
827 3070 910 3157 qua
928 3045 1114 3142 ratione,
1143 3042 1173 3129 fi
1191 3043 1614 3157 parallelepippedum
1623 3044 1739 3133 fuisse
1749 3070 1994 3159 reputetur,

428 3172 707 3259 30x50x300,
734 3152 808 3240 scu
827 3184 996 3259 450000
1014 3152 1255 3242 cubitorum
1273 3154 1502 3243 solidorum
1534 3186 1664 3269 capax
1683 3184 1784 3247 erat.
1841 3160 1990 3249 Cubiti

385 3368 388 3373 Ι
424 3294 528 3353 vero
548 3264 750 3351 Hebraici
776 3268 907 3353 cubus
935 3266 1063 3379 pedes
1091 3266 1294 3383 pedisque
1324 3268 1505 3355 decimas
1534 3294 1671 3385 partes
1692 3274 1992 3383 6,0684o4224

418 3380 637 3491 continet,
666 3382 807 3495 quoin
818 3384 1003 3491 priorem
1022 3406 1245 3467 numerum
1266 3380 1417 3481 dudio,
1446 3410 1567 3468 arcae
1597 3388 1800 3497 capacitas
1831 3388 1990 3499 pedum

421 3494 652 3581 solidorum
680 3498 917 3607 2730781,9
946 3494 1103 3607 prodit:
1121 3494 1281 3581 dolium
1311 3494 1486 3607 pedibus
1516 3496 1655 3583 solidis
1676 3502 1857 3607 33,6857
1887 3530 1991 3591 con·

421 3608 520 3695 ssat:
550 3633 731 3691 numero
749 3608 877 3717 igitur
898 3611 1136 3719 2730781,9
1155 3634 1231 3719 per
1254 3610 1433 3711 33,6875
1454 3608 1612 3708 diviso,
1639 3638 1776 3697 arcam
1789 3642 1990 3725 capacem

423 3722 561 3807 81062
583 3718 793 3803 doliorum
814 3723 1093 3833 reperiemus,
1123 3722 1193 3805 cui
1212 3720 1242 3807 sr
1258 3746 1420 3807 merces
1438 3748 1544 3837 aqua
1576 3723 1766 3834 specifice
1785 3725 1990 3831 leviores,

420 3850 491 3919 aut
519 3830 663 3917 saltem
684 3858 769 3919 non
801 3836 1035 3943 graviores,
1064 3836 1278 3945 imponas,
1307 3836 1545 3947 capacitatis
1573 3834 1687 3923 idem
1719 3836 1809 3925 fere
1831 3840 1989 3932 modus

410 3943 628 4065 prodibit,
656 3948 731 4061 qui
750 3972 927 4035 onerum
946 3966 1066 4033 antea
1084 3966 1186 4035 crat.

475 4058 560 4145 Sed
583 4058 669 4167 jam
697 4082 957 4148 revertamur
984 4059 1038 4147 ad
1057 4061 1332 4171 navigationis
1352 4058 1576 4151 historiam.

476 4170 498 4275 i
530 4170 894 4287 Carthaginienses
915 4174 977 4265 sui
995 4172 1606 4285 imperii&commerciifine8,
1634 4179 1890 4297 Ist'spaeniaes,
1914 4168 1988 4267 'Si-

1925 4324 1988 4381 ca·

307 4516 313 4525 .
453 4475 472 4515 ¹
489 4470 608 4533 Dasium
623 4472 819 4551 propendere
833 4474 951 4533 sumtum
966 4486 1044 4533 2000
1057 4474 1144 4537 libras
1156 4474 1269 4555 pendit.

454 4552 471 4628 t
488 4550 574 4613 circa
588 4550 626 4611 A.
640 4552 685 4611 M.
700 4564 785 4625 ³595·
824 4550 989 4627 olympiad
1002 4566 1051 4623 9²·
