4102 5656
318 274 831 369 MENSURARUM
860 280 904 369 dt
932 279 1352 373 PONDERUM.
1547 302 1631 398 167

182 620 183 627 ‘
297 645 304 676 ι
433 574 739 696 auteurs·
904 594 906 599 ’
1014 573 1553 727 ᾒᾚλμψ

361 840 420 969 C
504 845 563 971 A
642 840 692 967 P
771 845 839 968 U
917 838 974 969 T
1056 844 1344 974 XVIII.

271 1082 374 1215 De
433 1081 506 1217 V
492 1061 823 1261 etligalilur
861 1084 1100 1261 Imperii
1148 1088 1411 1221 Romani·

175 1414 284 1504 eque
302 1388 575 1473 rationarium
593 1386 858 1500 vestigalium
874 1384 1043 1501 Imperii
1052 1391 1231 1474 Romani
1237 1416 1506 1503 aquoquam,
1536 1396 1630 1480 trix·-

202 1529 285 1617 que
314 1520 590 1588 monumenta
621 1502 734 1587 unde
764 1497 978 1587 instaurari
1004 1500 1171 1616 pollet,
1209 1503 1330 1587 nobis
1350 1504 1491 1589 relidla
1511 1505 1627 1603 elle,

55 1640 320 1727 magnopere
337 1610 570 1699 dolendum
600 1612 670 1698 est.
727 1613 816 1725 Qui
834 1640 929 1699 eam
945 1618 1161 1702 materiam
1180 1613 1243 1699 his
1261 1614 1521 1725 temporibus
1543 1640 1625 1703 tra-

58 1726 299 1827 flaverunt,
327 1725 521 1835 obscuras
538 1728 679 1837 potius
704 1752 783 1811 nec
812 1752 909 1811 raro
939 1725 1219 1841 discrepantes
1247 1728 1433 1811 invicem
1450 1727 1628 1841 scripto·
1708 1756 1713 1761 ·

57 1866 153 1926 rum
180 1839 403 1925 sententias
433 1836 729 1937 coacervasse,
766 1860 894 1951 quam
933 1840 1084 1926 ordine
1113 1837 1314 1949 digestam
1342 1842 1627 1927 narrationem

55 1949 312 2065 proposuisse
327 1948 528 2041 censendi
555 1947 672 2049 sunt,
702 1978 785 2062 qua
803 1949 938 2060 adjuti
964 1980 1056 2038 rem
1087 1978 1260 2040 ornnem
1289 1948 1531 2037 nummariis
1562 1984 1627 2039 ra·

55 2062 242 2151 tionibus
261 2060 649 2175 complederemur.
706 2062 848 2149 Tanta
865 2066 1007 2177 itaque
1036 2092 1178 2150 rerum
1202 2064 1466 2149 incertudine
1486 2066 1530 2149 id
1561 2066 1625 2151 so·

54 2176 144 2263 lum
173 2174 313 2263 facere
342 2177 485 2273 licuit,
512 2196 560 2261 ut
580 2176 776 2261 indubios
796 2180 1018 2261 nonnullos
1038 2178 1236 2263 articulos
1265 2178 1308 2260 in
1338 2202 1469 2259 unum
1497 2176 1624 2262 colla·

55 2308 125 2372 tos
143 2287 374 2398 legentium
393 2288 527 2373 oculis
544 2286 816 2397 subjicerem,
844 2314 899 2373 ex
916 2290 1074 2403 quibus
1087 2316 1169 2401 pro
1185 2289 1310 2373 animi
1328 2288 1532 2373 sententia
1561 2317 1635 2373 ar·-

25 2436 28 2441 ·
55 2403 317 2511 gumentari,
344 2426 415 2486 me
433 2400 688 2489 acutioribus
706 2402 914 2514 relinquo.
963 2402 1628 2517 Augustusimpetiirationarium.

52 2510 169 2713 γιὲξὶε
187 2510 535 2615 circumferebat,
563 2540 669 2625 opus
687 2511 782 2600 sane
804 2513 1149 2613 curiosissimum,
1172 2538 1311 2625 neque
1340 2511 1624 2599 resarciendae

67 2653 89 2709 a
132 2652 242 2711 urae.
1127 2678 1132 2685 ·
1510 2658 1547 2711 .·

46 2651 68 2734 J
109 2738 179 2825 De
202 2734 351 2850 opibus
369 2734 538 2849 Imperii
556 2737 733 2825 Romani
751 2735 991 2833 tradaturi,
1016 2739 1155 2847 primo
1174 2739 1274 2821 loco
1302 2738 1509 2821 Romanor
1524 2756 1626 2833 tan·

84 2876 184 2935 uam
202 2851 391 2936 onmium
412 2874 610 2958 agrorum
629 2852 673 2932 in
691 2847 761 2933 sua
780 2848 942 2933 ditione
952 2851 1074 2933 initio
1093 2852 1324 2945 Dominos,
1354 2848 1622 2933 considerare

52 2876 236 3060 debent,
273 2980 423 3072 utpote
452 2959 507 3045 de
535 2959 686 3072 quibus
716 2959 829 3045 bello
885 2962 984 3055 artis
1014 2987 1069 3043 ex
1098 2960 1272 3045 arbitrio
1301 2958 1621 3045 constituebant.

111 3074 313 3183 Legimus
325 3071 378 3157 de
390 3070 804 3184 vesiigalibusagris.
884 3070 1624 3183 iexhostecapti‚partitipercentu·

50 3182 369 3283 rias‚militibus,
380 3182 557 3268 coloniis
567 3184 781 3281 novis,vel
791 3183 1027 3294 municipiis
1038 3182 1349 3281 dividebantur,
1360 3188 1626 3296 aurantiquis

50 3322 353 3409 nonnunquam
367 3292 677 3405 possessoribus,
706 3296 878 3397 canonis
889 3294 1134 3381 conditione
1145 3294 1510 3405 relinquebantur,
1531 3323 1626 3405 quo

50 3406 258 3521 pensrtato
281 3408 323 3495 81
346 3406 479 3493 fibi&
501 3406 748 3493 haeredibus
776 3408 945 3492 titulum
968 3408 1277 3491 continuandae
1295 3411 1337 3490 i'n
1366 3427 1623 3515 perpetuum·

82 3518 307 3607 ollessronis
335 3515 616 3647 acquirebant.
705 3520 780 3604 Ad
804 3522 1005 3629 rationem
1033 3524 1182 3627 usrtrae
1202 3521 1379 3603 trientis
1406 3518 1623 3625 vedli'galia

50 3550 155 3721 Erec
174 3632 317 3719 exusta
345 3632 452 3734 efle,
482 3660 536 3719 ex
556 3635 698 3717 Plinii
718 3632 848 3747 Epist.
868 3662 907 3737 7.
927 3631 1176 3741 colligimus.

73 3818 84 3825 .
107 3742 191 3830 Sed
211 3744 268 3829 ibi
289 3746 413 3853 paulo
433 3744 650 3833 obscurius
667 3766 854 3830 mentem
881 3742 1120 3829 declaravit.
1177 3742 1353 3856 Quodsi
1372 3760 1623 3829 tantumve-

50 3854 237 3967 sligalad
255 3858 586 3967 magnitudinem
596 3860 745 3969 pretii,
772 3856 998 3971 quodager
1011 3856 1197 3953 valebat,
1226 3856 1438 3954 exailum,
1466 3859 1619 3939 immo·

50 3968 196 4055 dicum
212 3968 406 4083 profesto
422 3970 649 4058 dicendum
669 3974 773 4069 erit,
800 3975 941 4085 neque
957 3968 1079 4055 facile
1100 3968 1154 4055 e'x
1171 3970 1258 4077 agri
1281 3967 1481 4052 l'rue'libus
1497 3994 1619 4051 recu·-

80 4083 308 4181 erandum,
335 4084 410 4169 nisi
429 4086 500 4170 vili
519 4082 748 4169 admodum
768 4082 1063 4169 aestimaretur.
1121 4084 1230 4190 Agri
1248 4078 1291 4163 hi
1313 4076 1617 4198 Quaestum-su.-

49 4110 181 4281 Einde
209 4196 329 4296 distr,
360 4200 557 4311 quoniam
587 4226 609 4281 a
638 4196 948 4313 Qtaestoribus,
1008 4194 1128 4279 uibus
1156 4193 1200 4277 id
1230 4196 1389 4303 negotii
1421 4190 1617 4289 dabatur,

48 4309 423 4395 venumdabantur.
480 4312 792 4423 Nonnunquam
814 4310 856 4391 in
868 4224 1022 4418 singula
1042 4308 1196 4417 Lustra
1214 4305 1390 4401 elocati,
1418 4335 1442 4388 a
1460 4306 1618 4389 manci·

50 4420 174 4533 pibus
192 4420 347 4507 effluxo
368 4444 559 4551 ternpore
579 4422 633 4509 de
653 4448 767 4507 novo
797 4420 1150 4507 conducebantur.
1209 4419 1329 4503 Alios
1359 4442 1480 4526 agros
1501 4420 1616 4527 affit-

51 4552 172 4619 παίω
190 4556 422 4636 vocarunt,
447 4536 541 4623 solis
561 4536 809 4635 Veterem,
838 4533 1041 4644 imposrtis
1062 4532 1187 4619 certis
1214 4530 1479 4627 muneribus,
1509 4528 1617 4723 (isiri-

1546 4662 1622 4737 os,
