4140 5646
363 213 368 222 ’
484 226 501 271 ²
576 194 1007 348 nnnsunnuusr
1035 251 1121 345 st
1148 254 1503 353 noununmr.
1763 279 1848 380 a,

245 474 289 561 dc
319 475 618 558 Geometricam
648 470 865 567 tenuerit,
894 468 1086 558 dubitare
1107 474 1219 561 nulla
1237 476 1400 561 ratione
1429 476 1545 564 licet.
1602 478 1827 589 Accedit,

245 586 363 702 quod
383 583 606 701 AEgyptiis
625 584 781 695 primus
801 583 900 667 Rex
920 588 1121 694 Misraim
1140 588 1329 700 pondera
1358 591 1653 709 mensurasque
1685 621 1821 687 certas
1938 645 1942 651 ·

244 729 313 788 eas
334 700 618 795 constituerit,
649 723 751 811 quas
780 695 832 781 ab
861 696 1185 794 antecessoribus
1214 702 1328 787 Hm
1347 702 1391 788 &
1420 705 1551 790 Noahv
1574 733 1826 822 acceperat,

242 843 301 903 ex
322 843 411 930 quo
431 813 549 900 fonte
577 811 632 896 ad
660 831 794 897 totam
825 809 1057 897 Abrahami
1087 812 1283 902 familiam
1311 813 1544 905 defluxere.
1603 821 1819 917 Noachum

242 929 358 1015 inter
380 929 423 1014 &
437 925 670 1038 Josephum
685 927 759 1010 vix
782 928 879 1010 anni
899 929 979 1028 283
1003 924 1271 1026 effluxerant,
1300 927 1522 1044 huncque,
1552 933 1655 1022 dum
1675 964 1822 1024 rerum·

240 1045 476 1156 potiretur,
507 1040 812 1135 Nilometrion,
842 1037 1008 1125 Cubitis
1028 1040 1333 1129 demonstratae
1355 1047 1653 1155 magnitudinis
1675 1051 1819 1137 distin·
1864 1058 1867 1064 ’

242 1153 381 1253 cium,
409 1151 613 1240 ordinasse
633 1152 868 1266 opinantur.

300 1267 513 1355 Mensuras
534 1296 589 1353 ex
617 1293 670 1351 eo
690 1286 881 1378 ternpore
902 1294 1036 1382 aeque
1055 1296 1102 1354 ac
1126 1269 1313 1355 Pondera
1332 1273 1580 1358 intem-erata
1609 1276 1821 1376 manfisle,

241 1408 344 1468 vero
366 1381 424 1468 est
444 1380 708 1467 simillimum.
767 1383 827 1465 At
849 1381 959 1465 Siclo
979 1381 1121 1468 medio
1152 1404 1343 1498 ternpore
1362 1383 1423 1470 usr
1445 1385 1537 1470 sunt
1558 1388 1823 1498 promiscue,

241 1497 335 1694 quib
339 1496 512 1626 ‘duplex
549 1493 714 1607 pondus
753 1493 996 1596 denotans,
1028 1495 1191 1581 sensu-m
1229 1492 1453 1612 peperisset
1491 1508 1545 1585 ex
1573 1501 1818 1591 necessitate

240 1636 306 1694 am
337 1637 349 1691 ι
383 1637 496 1695 uum.

299 1638 513 1808 Hegbraeees
532 1721 738 1808 Cubitum
765 1719 947 1809 habuisse
966 1722 1171 1838 AEgyptio
1201 1751 1249 1809 ae
1281 1725 1440 1825 ualent,
1471 1730 1665 1813 contenti
1689 1732 1733 1815 in
1767 1758 1817 1815 u·

242 1856 398 1951 troque
417 1839 507 1949 pari
527 1864 730 1934 numero,
760 1834 906 1922 Cubiti
925 1838 1010 1922 seni
1028 1896 1040 1935 ,
1058 1866 1166 1925 nova
1186 1865 1265 1952 pro
1297 1837 1480 1926 abilittte
1491 1842 1669 1927 firmant.
1729 1844 1816 1928 Ne-

273 1978 326 2037 ue
355 1973 401 2037 ut
430 1951 509 2035 illis
538 1948 722 2034 diversos
750 1948 930 2035 Cubitos
959 1952 1190 2061 largiatur,
1228 1951 1437 2038 sacrarunt
1462 1957 1707 2066 paginarum
1745 1986 1820 2044 au-

243 1978 435 2152 boritate
457 2063 678 2150 adducitur
699 2060 943 2176 Episcopus.
1000 2065 1067 2150 De
1088 2067 1176 2151 alio
1201 2067 1313 2150 enim
1333 2066 1493 2163 Cubito
1513 2066 1639 2151 verba
1659 2067 1818 2153 facien·

242 2198 330 2277 tes,
349 2205 441 2264 rem
460 2175 622 2291 semper
642 2175 840 2285 adjundo
857 2181 1028 2263 nominc
1048 2180 1211 2290 planam
1233 2175 1422 2278 faciunt,
1445 2199 1492 2264 ut
1510 2205 1612 2265 cum
1629 2181 1712 2293 Ogi
1728 2181 1821 2266 lec·

243 2311 337 2375 tum
357 2291 540 2385 hominis
572 2290 766 2389 Cubit0‚
797 2318 885 2376 non
915 2291 1055 2390 sacro,
1087 2290 1369 2377 mensuratum
1401 2288 1482 2377 effe
1504 2292 1664 2376 dicunt.

300 2405 403 2489 Duo
431 2405 524 2489 sunt
554 2424 769 2516 praeterea
797 2405 915 2502 loca,
942 2403 1056 2491 unde
1073 2405 1288 2517 duplicem
1317 2402 1530 2489 Cubitum
1550 2403 1737 2489 inserunt
1767 2406 1821 2508 l,

244 2516 408 2601 Ezech.
440 2517 537 2604 XL.
568 2547 607 2623 5.
637 2518 681 2604 &
711 2514 865 2603 XLlll.
897 2548 960 2620 13·
1020 2516 1298 2618 „Enimvero
1329 2516 1552 2602 Ezechieli
1586 2516 1822 2617 scribenti,

241 2629 402 2729 „dum
432 2634 621 2743 captivus
652 2631 861 2740 Babylone
891 2631 1182 2730 detinebatur,
1210 2656 1297 2714 non
1324 2650 1489 2743 poterat
1510 2657 1596 2715 non
1626 2634 1668 2714 in
1698 2657 1817 2716 men·

243 2799 271 2843 „
301 2765 390 2828 tem
410 2745 582 2841 venire,
609 2742 790 2827 diversas
810 2740 860 2826 ab
881 2743 1104 2827 Hebraicis
1123 2743 1357 2839 mensuras,
1376 2772 1399 2826 a
1422 2742 1607 2850 Judaeis
1621 2743 1769 2854 saepei
1797 2791 1818 2812 ·

241 2913 270 2957 „
299 2855 349 2939 srs
367 2854 578 2964 usurpari,
598 2857 672 2966 qui
684 2854 893 2939 men-suras
904 2857 1047 2962 regni,
1066 2857 1111 2937 in
1130 2882 1217 2966 quo
1228 2853 1557 2947 vivebant,tunc
1569 2880 1622 2936 ex
1642 2770 1819 2939 necers-

240 3027 268 3069 „
300 2986 387 3054 tate
408 2986 678 3074 temperante
710 2963 886 3075 Templi
903 2967 1028 3074 proin
1055 2963 1186 3049 futuri
1205 2962 1466 3050 commensus
1486 2963 1712 3051 traditurus
1724 2993 1818 3051 mo·

240 3139 269 3180 „
297 3078 398 3164 nere
420 3073 581 3162 necesse
602 3074 813 3173 babebat,
841 3101 927 3160 non
959 3075 1222 3184 Babylonico
1239 3133 1258 3175 ,.
1288 3075 1360 3161 sed
1389 3076 1529 3189 palmo
1555 3078 1822 3188 longioribus

241 3249 269 3294 „
300 3190 457 3276 cubitis
476 3191 658 3274 rationes
678 3218 701 3272 a
719 3187 761 3273 se
780 3184 998 3277 subductas
1019 3185 1112 3274 esse.

300 3300 401 3413 Ejus
430 3301 546 3423 quod
577 3300 696 3386 nobis
726 3299 938 3387 sumsimus
967 3329 1125 3388 novum
1146 3323 1440 3413 argumentum
1461 3302 1562 3388 illud
1584 3303 1665 3403 est,
1696 3306 1819 3417 quod

244 3416 423 3534 populos
451 3416 709 3512 orientales,
738 3416 873 3524 granis
891 3413 1041 3498 hordei
1058 3423 1101 3498 dt
1124 3417 1293 3524 Digitus
1324 3416 1367 3499 δι
1400 3416 1560 3498 Palmos
1587 3415 1819 3502 confecisse

244 3531 471 3620 novimus:
503 3528 705 3612 6scilicet
736 3530 872 3638 granis
891 3525 1126 3612 transverfis
1155 3528 1373 3636 Digitum,
1404 3558 1461 3632 24
1483 3527 1666 3611 Palmum
1695 3554 1814 3614 com·

243 3642 470 3761 ponebant.
558 3641 665 3726 Sena
695 3641 762 3726 illa
790 3639 954 3725 mediae
988 3640 1284 3749 magnitudinis
1314 3636 1475 3736 cleda,
1505 3638 1818 3748 longitudinem

244 3760 417 3847 circiter
452 3785 574 3865 o,912
612 3754 775 3840 Pollicis
795 3754 979 3865 partium
998 3752 1182 3865 faciunt,
1209 3753 1322 3838 unde
1352 3778 1428 3864 per
1456 3751 1574 3863 supra
1595 3750 1818 3840 stabilitam

240 3873 567 3988 proportionem
585 3866 780 3954 cubitum
801 3867 1001 3953 pollicum
1025 3897 1095 3966 21,
1124 3868 1203 3955 888
1224 3865 1489 3952 deducimus.
1549 3862 1619 3949 nb
1641 3864 1814 3951 bacRo·

240 4014 454 4073 manorum
474 3983 515 4066 δι
539 3984 789 4065 Graecorum
809 3981 1116 4090 magnitudines
1146 3977 1374 4064 deflectunt
1404 3978 1657 4090 aliquantum
1671 4039 1689 4077 ,..
1714 3983 1817 4093 quia
1888 3976 1893 3981 ’

242 4098 427 4188 allumtis
447 4124 525 4207 pto
546 4094 719 4179 arbitrio
740 4093 892 4182 cubito
913 4094 955 4178 &
977 4093 1086 4180 Pede
1097 4096 1305 4194 „minores
1324 4089 1533 4178 mensuras
1545 4089 1618 4175 bas
1636 4091 1816 4181 demum
1854 4125 1858 4133 ·

237 4208 549 4301 subdividendo
575 4207 892 4296 constituerant..

992 4296 1000 4353 Ι
1680 4321 1817 4409 Aram

280 4501 296 4571 1
313 4502 346 4559 In
362 4498 448 4557 t'nanu
463 4497 538 4556 illius
559 4500 613 4557 uiri
635 4496 758 4559 calamus
770 4494 934 4568 mensurae,
956 4495 1003 4556 sex
1019 4493 1025 4535 ²
1043 4495 1107 4553 Hae
1122 4495 1268 4555 verosunt
1281 4493 1428 4555 menstrae
1448 4490 1545 4550 altaris
1568 4488 1671 4549 iisdem
1690 4495 1817 4568 cubitis,

238 4576 423 4649 mnarum,
443 4592 479 4637 ex
492 4574 591 4637 cubito
604 4573 632 4633 o
644 4575 761 4652 palmo,
781 4573 834 4635 dc.
854 4590 880 4635 c.
894 4584 941 4645 43.
961 4586 1004 4646 13.
1020 4538 1029 4651 Ι
1045 4574 1143 4634 cubito
1156 4582 1332 4648 unoquoque
1349 4586 1385 4631 αι
1404 4564 1543 4630 cubito&
1555 4567 1667 4642 palmo,
1688 4564 1741 4632 dte.
