4140 5646
238 248 323 355 „r
477 240 792 341 eorunm
828 166 1069 359 onero.
1106 236 1614 377 nnmrsmrrum

76 493 108 543 r.
122 493 155 543 r.
173 491 233 556 ,o
300 454 387 546 Leo
417 457 649 573 Imperator
673 486 794 551 1100.
824 461 993 553 navium
1012 452 1133 558 ciaiie
1153 473 1418 570 comparato,
1445 458 1573 547 mrrir
1592 457 1816 659 inperium

244 574 406 661 nomini
426 575 604 664 Romano
625 572 912 667 vindicaturus
930 571 1027 661 sane
1046 569 1291 670 videbatur,
1320 568 1395 657 nin
1423 569 1544 657 leviri
1564 568 1627 661 sui
1663 573 1825 674 raude,

244 684 438 797 Bastlifcr'
456 738 468 783 ‚
507 712 636 803 quem
665 684 778 779 classi
796 684 1089 801 praefecerat,
1125 686 1171 771 in
1189 685 1368 795 Africae
1386 683 1533 785 littore
1553 712 1579 773 r
1596 684 1825 799 Geusert'cr·

88 828 91 835 ·
244 823 511 891 concremata
528 797 646 887 'effen
962 800 976 811 “

300 913 512 1027 Quamdiu
532 915 755 1024 imperium
782 914 909 1007 maris
940 914 984 1002 δι
1012 915 1270 1005 commercia
1298 910 1352 1001 ad
1371 913 1575 1003 Romanos
1603 912 1816 1028 spestrvee

244 1047 361 1125 rant,
391 1025 555 1137 singulis
576 1025 765 1115 claffihus
792 1026 883 1117 suas
908 1026 1104 1118 stationes
1123 1027 1167 1115 &
1188 1027 1371 1119 ditiones
1399 1028 1689 1117 attribuerent.
1746 1026 1817 1121 En

245 1141 294 1225 iis
323 1141 501 1226 maxima
530 1141 827 1235 Alexandrina
854 1139 986 1232 claffis
1013 1141 1126 1244 fuit,
1174 1139 1229 1229 ad
1267 1167 1393 1258 quent
1432 1141 1476 1228 &
1512 1143 1638 1231 meris
1673 1142 1815 1233 Rubri

244 1253 455 1362 navigatio
473 1253 723 1367 pertinebat.
1604 1362 1608 1370 ,

300 1363 447 1453 Claifis
465 1369 593 1455 altera
613 1368 825 1480 Africana
844 1391 951 1474 erat,
985 1368 1241 1458 advehendis
1261 1370 1454 1470 Romam,
1482 1366 1528 1456 δι
1546 1367 1686 1485 postea
1707 1369 1816 1459 C'on·

232 1477 574 1593 stantinopolim,
622 1485 927 1575 commeatibus
961 1483 1174 1572 destinata.
1257 1480 1410 1571 Tertia
1448 1486 1667 1573 orientalis
1702 1483 1814 1587 fuit,

243 1591 475 1693 Seleuciae,
504 1592 650 1706 Syriae
668 1596 798 1697 urbe,
825 1598 878 1684 nd
900 1603 1097 1684 Orontem
1124 1594 1325 1697 fluvium,
1361 1598 1406 1682 in
1433 1595 1608 1685 statione
1628 1597 1815 1689 colloco.

243 1724 310 1803 tar
349 1706 480 1799 classis
508 1707 611 1815 haec
641 1712 824 1805 minores
852 1713 1048 1826 plurimrs
1076 1712 1196 1811 alias,
1235 1709 1309 1799 sub
1337 1707 1380 1795 se
1410 1709 1812 1823 comprehendebat.

242 1815 448 1930 Quartam
487 1824 531 1911 in
578 1845 713 1936 ponto
751 1824 955 1925 Euxino,
1011 1825 1286 1940 quadraginta
1331 1825 1532 1923 navium,
1589 1823 1812 1914 habebant.

241 1929 450 2043 Quintae,
488 1934 751 2049 vectigalium
783 1937 993 2031 custodiae
1022 1937 1272 2038 destinatae,
1308 1939 1353 2029 in
1373 1934 1539 2027 Codice
1559 1940 1723 2027 mentio
1749 1940 1812 2029 fit.

240 2042 326 2132 Pro
345 2052 606 2140 commercio
625 2051 833 2167 hispanico
860 2056 1076 2173 propriam
1103 2049 1268 2141 claiiem
1287 2049 1443 2141 nullam
1463 2046 1644 2143 habuiffe
1663 2050 1813 2143 videm.

238 2177 320 2245 tur.
1158 2243 1170 2264 ‚

296 2271 410 2363 Tam
428 2274 556 2389 longe
575 2274 729 2370 diffitas
747 2282 987 2395 provincias
1005 2282 1049 2367 in
1079 2276 1227 2387 officio
1257 2280 1434 2367 Romani
1463 2304 1679 2393 nunquam
1699 2294 1814 2369 'con-

214 2404 218 2413 '
242 2383 477 2505 timuissent,
517 2390 593 2477 nisr
620 2413 795 2482 armatas
822 2391 961 2483 ciaffes
979 2392 1240 2493 habuissent,
1275 2399 1319 2481 in
1339 2394 1527 2481 maximis
1544 2394 1713 2507 imperii
1730 2392 1814 2495 fln-

241 2498 339 2595 viic,
378 2501 590 2593 recensitis
618 2507 663 2591 in
682 2509 836 2595 notitia
854 2509 1033 2620 imperii.
1735 2592 1743 2601 .

294 2608 532 2742 §laffiarios
550 2616 847 2734 quoscunque,
877 2623 952 2736 qui
970 2621 1176 2734 Principis
1194 2617 1395 2737 stipendia
1404 2616 1643 2721 merebant,
1655 2616 1812 2713 studio-

238 2721 387 2817 fisslme
405 2725 683 2842 Imperatores
713 2732 950 2825 tuebantur.
1006 2735 1179 2839 Decimi
1203 2736 1318 2826 tertii
1336 2731 1432 2823 libri
1452 2734 1622 2849 quintus
1642 2735 1813 2838 titulus,

237 2841 284 2939 in¹
319 2868 470 2945 eorum
508 2846 755 2937 cnmmndis.
785 2846 1072 2953 describendis¹
1098 2850 1223 2936 unice
1260 2846 1458 2941 versatur.
1552 2844 1813 2951 Dimittat

238 2950 310 3039 iex
330 2982 440 3045 nona
467 2955 518 3047 ab
539 2958 737 3051 omnibus
753 2989 826 3053 eos
846 2990 931 3051 non
951 2961 1085 3053 ioium
1104 2959 1390 3075 personalibus¹
1407 2959 1589 3070 injuriis.
1607 2958 1683 3055 sed
1702 2960 1810 3057 &ab

241 3068 358 3152 omni
368 3068 586 3159 inferenda
597 3075 663 3173 vi,
680 3074 722 3161 ἃ
734 3072 786 3160 ab
796 3078 932 3163 omnis
942 3078 1107 3188 generis
1127 3074 1472 3167 concoctionibus
1488 3070 1730 3177 ordinariis,
1737 3097 1826 3171 tut·

241 3181 826 3286 extraordinariis,aerumnis,
837 3189 1031 3277 molestiis
1042 3187 1397 3288 liberat‚&omni
1410 3186 1714 3283 cossecuritrre
1724 3186 1812 3283 frui
1871 3194 1875 3199 ’

238 3291 772 3415 juberJustinianeopostea
782 3302 937 3391 Codiei
948 3329 996 3390 ea
1006 3304 1076 3393 lex
1085 3301 1236 3393 inserta
1247 3301 1316 3389 est.
1327 3301 1481 3416 Capite
1491 3305 1617 3405 etiem
1628 3303 1813 3417 elitiege

238 3406 441 3498 sancitum
462 3433 574 3513 erat,
614 3442 667 3504 ne
687 3421 780 3532 quis
808 3419 948 3505 navim
978 3437 1126 3523 contra
1146 3415 1328 3529 magistri
1354 3415 1689 3519 voluntatemed
1707 3418 1812 3509 aiios

239 3520 332 3609 usus
343 3526 653 3631 transduceret,
683 3558 809 3645 quam
861 3530 983 3621 uibus.
1001 3530 1819 3644 destinaturum·Quaecnmtnodaotnr

239 3636 307 3717 nia
337 3640 679 3742 Valentinianus,
716 3560 953 3753 Theojostus
981 3646 1025 3735 &
1055 3645 1272 3753 Arcadius
1297 3645 1385 3735 aliis
1414 3642 1575 3756 legibus
1593 3646 1640 3739 in
1656 3642 1820 3757 sempi-

239 3766 406 3832 ternum
434 3754 814 3856 confirmaverunt,
853 3758 1115 3871 magistr-arun
1141 3759 1185 3849 δε
1213 3757 1373 3851 iudices
1399 3756 1473 3845 sub
1503 3784 1640 3870 poene
1659 3761 1812 3872 rapitis

239 3859 446 3959 vetando,
476 3889 529 3949 ne
549 3892 622 3952 eos
642 3895 695 3955 ne
716 3873 936 3961 minimum
957 3871 1236 3963 molestarent.
1277 3875 1458 3965 Novium
1479 3869 1695 3981 magistrer
1719 3876 1810 3965 Vn·

238 3973 515 4075 lentinianus,
527 3977 763 4090 Theodostus
782 3986 826 4072 &
846 3987 1082 4089 Arcadius,
1109 3985 1643 4103 obommbusretiigalibm
1654 3987 1812 4083 immu-

237 4108 311 4167 nes
330 4084 545 4191 iecerunt,
587 4121 685 4183 cum
704 4098 859 4189 eodem
887 4101 1248 4215 tempore-iisdem
1272 4128 1418 4193 omnes
1449 4103 1628 4195 omnino
1643 4127 1812 4197 merce·-

145 4282 148 4287 .
239 4216 354 4285 tores
380 4198 643 4335 spbjicerenr.
730 4212 942 4303 Omnibus.
957 4220 1030 4333 qui
1050 4238 1121 4307 aut
1141 4218 1280 4323 navim
1300 4215 1596 4319 aedificarent,
1623 4238 1695 4309 aut
1717 4213 1824 4319 frua

234 4333 480 4399 mentarram
501 4344 772 4425 exercerent,
799 4333 987 4442 proprias
1005 4330 1167 4443 iegibus
1185 4330 1385 4417 Romanis
1403 4330 1811 4429 immunitates.con·.

111 4452 116 4457 ·
151 4460 161 4471 ·
232 4421 381 4559 cesset,
407 4427 527 4541 supra
547 4441 796 4541 monuimus.
810 4448 829 4505 '-
856 4444 1110 4553 Constantini
1130 4444 1174 4531 δι
1194 4443 1371 4555 Juliam'
1387 4445 1484 4555 lege
1501 4443 1544 4529 in
1565 4441 1808 4559 equestrem

232 4537 424 4629 ordinem
455 4542 809 4659 adsciscebantur,
849 4558 893 4647 &
922 4558 1006 4647 alia*
1018 4556 1215 4651 Valentis
1241 4556 1285 4645 &
1317 4558 1521 4651 Gratiani
1538 4559 1659 4670 lege,
1685 4555 1811 4649 sena.-¹

1731 4691 1805 4758 tor
