4140 5646
238 289 323 367 254
474 240 786 333 TABULAE
820 232 1057 350 ANTIQ.
1088 231 1591 325 NUMISMATUM

242 473 286 559 ἃ
306 466 488 582 AEgypti
510 462 693 558 clarem,
734 479 832 541 ante
851 453 991 539 omnia
1010 451 1053 537 in
1082 448 1330 565 potestatem
1359 452 1581 564 reciperet.
1642 456 1820 571 Agrom-

242 591 324 668 laon
344 557 385 667 in
410 581 677 663 Britanniam
700 571 829 670 misit,
870 598 891 653 a
944 594 1000 652 uo
1021 585 1109 651 tota
1130 564 1291 652 subasia
1332 567 1373 652 dc
1404 567 1634 679 prudenter
1664 571 1819 681 guber·

241 721 336 784 nata
358 695 428 781 est.
469 692 601 778 Hunc
634 686 818 772 Orcadas
838 686 878 772 de
900 596 1250 793 shnleoprimum
1272 679 1819 789 detexisseTacionstradit‚

241 841 348 926 quae
370 809 441 923 ipsi
463 806 615 892 insulae
635 800 820 886 diversae
841 798 957 897 sunt,
1004 794 1349 911 quandoquidem
1368 797 1611 909 Agricolam
1632 801 1819 888 Orcades

241 922 465 1035 subegisse,
505 917 662 1003 Thalen
683 944 786 1001 vero
817 912 976 999 nonnisi
997 908 1196 996 detexisse
1216 912 1284 995 ait.
1315 908 1448 1021 Quod
1469 936 1565 995 eum
1586 933 1818 1031 utrumque

242 1038 368 1135 fallit,
400 1033 601 1149 squidem
623 1031 795 1117 Clandio
817 1026 1024 1112 Orcadnm
1042 1020 1332 1111 redudionem
1353 1024 1421 1107 alii
1440 1021 1663 1138 scriptores
1683 1032 1820 1118 vindi-

243 1173 362 1246 cant,
393 1155 503 1233 inter
524 1173 630 1262 quos
652 1145 921 1254 Pomponius,
952 1140 1028 1253 qui
1047 1160 1249 1251 regnante
1270 1165 1325 1225 eo
1344 1140 1473 1239 vixit,
1503 1165 1649 1225 earum
1669 1169 1817 1231 nume-

242 1290 334 1349 rurn
348 1262 550 1373 sigillatim
562 1260 779 1345 exsecutus
791 1254 861 1341 est.
893 1254 1127 1340 Ptolomaei
1141 1252 1414 1360 Philadelphi
1434 1253 1697 1367 temporibus
1707 1257 1818 1345 Thn-

240 1382 278 1461 lo
317 1376 400 1486 jam
439 1380 713 1469 innotuerat,
753 1396 932 1484 namque
961 1397 985 1453 a
1014 1366 1218 1453 Strabone
1248 1365 1477 1482 produsius
1498 1372 1699 1484 aequalis
1730 1374 1817 1490 Py·

241 1492 378 1589 thias,
411 1486 695 1595 hlaſjiliooſsr,
725 1482 811 1594 ejus
830 1482 983 1570 insulae
1002 1479 1328 1595 descriptionem
1346 1481 1519 1570 fecerat.

297 1603 383 1687 Sub
413 1600 454 1685 T
449 1605 507 1684 iro
552 1602 796 1688 ‘Domitiano
839 1599 882 1683 de
912 1598 1092 1697 Nerva,
1133 1597 1256 1682 nullis
1285 1621 1522 1683 mercatura
1548 1595 1744 1688 audariis
1773 1604 1815 1689 in

241 1719 389 1801 melius
417 1712 614 1825 provesin
644 1711 712 1797 est.
772 1710 794 1749 *
824 1710 865 1796 T
861 1712 1059 1824 rajaons,
1098 1710 1257 1819 gloriae
1286 1710 1570 1825 cupidissimus
1598 1716 1817 1828 princeps,

242 1830 294 1915 ad
315 1828 467 1941 Tygris
487 1825 586 1912 ostia
616 1827 659 1911 δι
682 1825 922 1938 Euphratis
950 1822 1146 1909 devedus
1168 1823 1249 1921 est,
1297 1824 1341 1908 dc
1382 1850 1589 1911 oceanum
1619 1828 1815 1932 intravit,

239 1971 329 2056 quo
349 1943 452 2026 mari
472 1967 569 2026 cum
592 1941 917 2051 negotiatoriam
946 1940 1087 2023 navim
1097 1935 1261 2020 stodiam
1280 1956 1497 2047 petentem
1516 1937 1814 2052 conspexisset,

242 2082 309 2140 eas
329 2057 523 2166 regiones
542 2051 825 2164 subjugando,
854 2052 909 2139 de
929 2047 1163 2164 superando
1183 2050 1432 2136 Alexandro
1452 2054 1680 2163 cogitavit:
1712 2083 1815 2143 con-

240 2167 373 2254 silium
393 2188 532 2253 autem
562 2165 762 2281 perpensa
793 2186 878 2253 tam
905 2167 1033 2277 longe
1064 2161 1219 2251 dissitas
1238 2167 1475 2277 provincias
1501 2167 1715 2257 retinendi
1735 2169 1815 2257 dis-

238 2284 446 2381 ficultate‚
486 2280 716 2393 prudenter
745 2278 940 2367 deseruit.
1000 2278 1196 2391 Coy'ettao
1221 2279 1449 2377 Pharum,
1490 2278 1534 2365 de
1562 2277 1815 2374 Terracinae

239 2416 435 2506 portum,
474 2395 713 2479 Antoninus
740 2393 853 2480 ‘Piros
872 2392 1035 2480 refecit.
1122 2392 1241 2478 Idem
1269 2395 1314 2478 in
1343 2393 1518 2526 Augusti
1546 2399 1814 2511 exemplum,

243 2506 495 2591 Rhodiorum
523 2510 708 2596 nauticas
738 2508 852 2621 leges
882 2506 1091 2595 observari
1120 2505 1176 2593 de
1204 2532 1319 2593 novo
1334 2505 1460 2616 jussit.
1519 2507 1727 2619 Javolnri
1740 2512 1814 2623 Ju-

240 2618 473 2707 riseonsulti
492 2619 755 2733 responsum,
782 2626 858 2738 qui
877 2620 1023 2710 subeo
1042 2622 1301 2734 imperatore
1320 2624 1448 2723 vixit,
1485 2619 1541 2708 de
1559 2620 1682 2712 classe
1711 2627 1813 2713 Bri·

241 2738 433 2833 tarnrira,
462 2737 587 2847 eique
615 2732 829 2850 praeferto
859 2736 954 2852 Sojo
974 2735 1202 2821 Saturnino
1221 2736 1434 2850 loquitur,
1501 2763 1598 2823 uem
1619 2736 1710 2850 ejus
1727 2742 1813 2827 Ar·

239 2847 528 2960 chigohornorn
557 2852 861 2960 cognominat,
900 2875 1008 2965 quae
1037 2848 1168 2936 classis
1196 2850 1441 2935 retinendae
1468 2764 1607 2936 sorsan
1644 2858 1813 2965 provin·

242 2963 331 3044 ciae
353 2988 457 3072 ergo
487 2982 641 3048 armata
662 2960 821 3066 suerat,
853 2962 1079 3050 &tuendo
1107 2964 1194 3073 ejus
1214 2968 1332 3073 regni
1353 2966 1628 3050 commercio.
1685 2966 1813 3058 Com·

241 3076 388 3158 mercii
419 3101 562 3160 curam
581 3076 784 3164 summam
807 3074 1015 3164 successor
1044 3075 1131 3185 ejus
1162 3078 1402 3161 Antoninos
1429 3077 1706 3193 Philosophus
1743 3081 1815 3171 ha-

241 3187 353 3286 buit,
383 3214 511 3301 quem
530 3191 573 3274 in
592 3191 718 3277 finem
738 3188 915 3306 publicis
935 3191 1011 3276 viis
1022 3190 1247 3300 diligenter
1265 3190 1466 3302 providit.
1523 3190 1812 3285 Pantomimo·

240 3327 333 3385 rum
362 3301 483 3388 ludos
512 3304 731 3404 nundinis,
768 3302 843 3389 nisi
860 3304 933 3391 sub
953 3302 1168 3417 vesperam
1198 3307 1349 3416 aperiri
1377 3307 1548 3401 vetuitr
1589 3309 1717 3422 eique
1744 3338 1813 3397 ae·

239 3417 377 3529 qualis·
392 3417 599 3529 Aristides
618 3416 763 3505 rhetor
793 3418 936 3507 nudor
958 3416 1038 3515 est,
1069 3418 1436 3504 &Mediterranei
1454 3420 1578 3506 maris
1598 3420 1643 3506 &
1664 3426 1814 3512 oceani

238 3532 496 3615 commercia
513 3531 587 3617 sub
608 3530 694 3641 ejus
714 3535 892 3647 imperio
921 3530 1118 3619 floruisse.
1178 3532 1398 3616 Pertinax
1415 3536 1668 3644 imperator,
1691 3533 1815 3645 Juve-

239 3642 325 3740 nir,
355 3642 693 3755 compendiosam
713 3674 736 3731 a
756 3669 874 3759 patre
895 3647 1123 3731 exercitam
1144 3666 1423 3732 mercaturam
1450 3643 1704 3748 sedabatur,
1744 3655 1816 3739 cui

239 3755 1815 3871 curnaltiorisortedignusfiliusvideretur,adnobilioracumtraducerein

237 3868 381 3952 animo
408 3866 591 3954 habuitz·
614 3874 658 3957 in
687 3871 975 3989 prosequenda
995 3899 1099 3960 vero
1129 3894 1215 3957 tam
1238 3872 1478 3989 quaestuosa
1497 3876 1814 3986 negotiatione,

240 3979 464 4089 (lignariae
493 4005 750 4071 mercaturae
782 3986 948 4103 specie)
997 3990 1255 4100 pertinacem
1282 3985 1366 4073 sese
1384 3989 1490 4074 filius
1513 3986 1658 4098 gessit,
1695 3990 1814 4080 unde

238 4093 648 4182 Pertinacisnomen
660 4106 827 4187 meruit.
858 4101 1023 4188 Rerum
1040 4104 1200 4215 potitus
1222 4128 1360 4215 neque
1381 4101 1596 4213 pristinum
1617 4106 1813 4215 negotia·

239 4206 394 4289 torinm
406 4210 619 4319 ingenium
632 4211 1306 4327 deposuit‚commerciaveroper
1319 4213 1522 4301 ministros
1535 4216 1813 4326 agitaricura·

237 4316 321 4402 bat.
332 4317 741 4413 CacsarSooorosad
751 4327 1029 4417 invehendam
1040 4330 1209 4415 Romam
1220 4330 1410 4418 omnium
1421 4353 1562 4418 rerum
1573 4330 1814 4445 copiam&

1710 4469 1815 4535 con·

277 4567 295 4607 ¹¹
314 4566 504 4636 nonnarum
523 4577 643 4639 DmnIni
662 4592 726 4641 100.
